=LDR  01316cam a2200277 a 4500
=001  5400
=005  20250925143257.0
=008  001208s2000\\\\gw\a\\\\\bc\\\000\0\ger\d
=010  \\$a 
=020  \\$a398030048X
=245  10$aVon Zinken, Serpenten und Giraffenklavieren
=250  \\$aKatalog zur Sonderausstellung und Sammlungsverzeichnis
=260  \\$aLübeck$bMuseum für Kunst und Kulturgeschichte der Hansestadt Lübeck,$c2000
=300  \\$a179 pages
=504  \\$aIncludes bibliographical references
=561  \\$aEx Libris Ton Koopman
=648  \0$a18th Century (1701-1800)$1http://www.wikidata.org/entity/Q7015$920899
=648  \0$a19th Century (1801-1900)$1http://www.wikidata.org/entity/Q6955$920935
=648  \0$a20th Century (1901-2000)$1http://www.wikidata.org/entity/Q6927$920936
=650  \0$aOrganology$1http://www.wikidata.org/entity/Q899293$921400
=651  \0$aLübeck (Germany)$1http://www.wikidata.org/entity/Q2843$9125
=700  \\$aAlthöfer, Ulrich$d1961$4aut$99099
=710  \\$aMuseum für Kunst und Kulturgeschichte der Hansestadt Lübeck (Germany)$1http://www.wikidata.org/entity/Q37710741$91197
=942  \\$cBOO
=952  \\$00$10$2ddc$40$6INS_1B_DE_LUB1$70$8INS$95400$aORPH$bORPH$cKTS0$d2020-07-08$eKoopman$i38A27$oINS1b DE.LUB1$p20122425$r2021-01-12 00:00:00$w2021-01-12$yBOO
=999  \\$d5400

