=LDR  01041    a2200229   4500
=001  5401
=008  230629s1983\\\\||||||||\m|||\00|\0dger\d
=041  \\$ager
=100  \\$aAltmann, Nikolaus$99100$4aut
=245  \\$aDie Messen von Ignaz Holzbauer (1711-1783)
=260  \\$aBonn$bRheinische Friedrich-Wilhelms-Universität$c1983
=300  \\$a394 pages
=500  \\$aDissertation
=600  \0$1http://www.wikidata.org/entity/Q697238$aHolzbauer, Ignaz$d1711-1783$911657
=648  \0$1http://www.wikidata.org/entity/Q7015$a18th Century (1701-1800)$920899
=650  \0$1http://www.wikidata.org/entity/Q217295$aMass$92735
=650  \0$aMusical analysis$1http://www.wikidata.org/entity/Q1544924$92775
=650  \0$aMusic history$1http://www.wikidata.org/entity/Q846047$921373
=651  \0$1http://www.wikidata.org/entity/Q2119$aMannheim (Germany)$9218
=942  \\$cBOO
=952  \\$00$10$2ddc$40$6BIO_HOLZ_E$70$8BIO$95401$aORPH$bORPH$cKTS1_P$d2020-07-08$eKoopman$i43E19$l0$oBIO HOLZ e$p20127138$r2021-01-12 00:00:00$w2021-01-12$yBOO$OKoopman
=999  \\$d5401

