=LDR  00951    a2200229   4500
=001  5403
=008  211026s1976\\\\-uk|||||\||||\00|\0\eng\d
=020  \\$a843996319X
=041  \\$aeng
=245  \\$aBele buche e bele parleure:$bA Guide to the Pronunciation of Medieval and Renaissance French for Singers and Others
=260  \\$aLondon$bTecla$c1976
=300  \\$a79 pages
=561  \\$aEx Libris Laura Dobbenga
=648  \0$aMiddle Ages (500-1400)$1http://www.wikidata.org/entity/Q12554$920964
=650  \0$aSinging$1http://www.wikidata.org/entity/Q27939$92767
=650  \0$aPronunciation$1http://www.wikidata.org/entity/Q184377$93632
=651  \0$aFrance$1http://www.wikidata.org/entity/Q142$9131
=700  \\$4aut$aAlton, Jeannine$99105
=700  \\$4aut$aJeffery, Brian$922616
=942  \\$cBOO
=952  \\$00$10$2ddc$40$6INS_2C$70$8INS$95403$aORPH$bORPH$cKTS0$d2020-07-08$eKoopman$i43E12$oINS2c$p20127145$r2021-01-12 00:00:00$w2021-01-12$yBOO
=999  \\$d5403

