=LDR  01192cam a22002531p 4500
=001  5404
=005  20250120120600.0
=008  800902s1975\\\\ne\a\\\\\b\\\\000\0\dut\\
=040  \\$aOI
=041  0\$adut
=100  \\$aVega, L. Alvares$99106$4aut
=245  14$aHet Beth Haim van Ouderkerk:$bbeelden van een Portugees-Joodse begraafplaats = The Beth Haim of Ouderkerk aan de Amstel: Images of a Portuguese Jewish Cemetery in Holland
=260  \\$aAssen$bVan Gorcum$c1975
=300  \\$a60 pages$billustrations$c23x24 cm
=504  \\$aBibliography: p. 25.
=610  \0$aBeth Haim (Ouderkerk aan de Amstel, Netherlands)$1http://www.wikidata.org/entity/Q831131$91201
=610  \0$aJews$1http://www.wikidata.org/entity/Q7325$924173
=650  \0$aFuneral$1http://www.wikidata.org/entity/Q201676$93261
=650  \0$aArchitecture$1http://www.wikidata.org/entity/Q12271$93185
=651  \0$aNetherlands$1http://www.wikidata.org/entity/Q55$9173
=651  \0$aPortugal$1http://www.wikidata.org/entity/Q45$9136
=942  \\$cBOO
=952  \\$00$10$2ddc$40$6TOP_NL_AMS$70$8TOP$95404$aORPH$bORPH$cKTS0$d2020-07-08$eKoopman$i18D55$l0$oTOP NL.AMS$p20125019$r2021-01-12 00:00:00$w2021-01-12$yBOO$OKoopman
=999  \\$d5404

