=LDR  01209nam a2200253 a 4500
=001  5405
=005  20250120115934.0
=008  980303s1997\\\\it\a\\\\\bc\\\000\0dita\\
=020  \\$a8843563262
=040  \\$aOI
=100  \\$aCantarini, Simone,$d1612-1648.$99107
=245  10$aSimone Cantarini :$bdetto il Pesarese : 1612-1648 /$ca cura di Andrea Emiliani ; con scritti di Anna Maria Ambrosini Massari ... [et al.].
=260  \\$aMilan$bElecta,$cc1997.
=300  \\$a429 p. :$bill. (some col.) ;$c28 cm.
=500  \\$aCatalog of an exhibition held at the Pinacoteca nazionale, Accademia di belle arti, Bologna, Oct. 11, 1997-Jan. 6, 1998.
=504  \\$aIncludes bibliographical references (p. 420-429).
=600  \0$aCantarini, Simone,$d1612-1648$99108
=650  \0$aBaroque$1http://www.wikidata.org/entity/Q37853$921255
=700  \\$aEmiliani, Andrea$99109
=700  \\$aAmbrosini Massari, Anna Maria$99110
=710  \\$aAccademia di belle arti di Bologna (Italy)$1http://www.wikidata.org/entity/Q2822373$91203
=942  \\$cBOO
=952  \\$00$10$2ddc$40$6BIO_CANT_D$70$8BIO$95405$aORPH$bORPH$cKTS1_P$d2020-07-08$eKoopman$i36F14$l0$oBIO CANT d$p20120657$r2021-01-12 00:00:00$w2021-01-12$yBOO$OKoopman
=999  \\$d5405

