=LDR  01104    a2200253   4500
=001  5406
=005  20250926134853.0
=008  210709e1967\\\\\\\||le|\||||\00|\0\ger\d
=040  \\$aMB
=041  \\$ager
=100  \\$aBach, Johann Sebastian$d1685-1750$4cmp$1http://www.wikidata.org/entity/Q1339$94766
=245  \\$aKritischer Bericht: Motetten
=260  \\$c1967$aGermany$bBärenreiter
=300  \\$a2. vols (xi-178-[1]+211 pages)$bmusic
=336  \\$a printed
=490  \\$aNeue Ausgabe Sämtlicher Werke$vSerie III: Motetten, Choräle, Lieder 1
=648  \0$a18th Century (1701-1800)$1http://www.wikidata.org/entity/Q7015$920899
=650  \0$aLute$1http://www.wikidata.org/entity/Q180733$93944
=650  \0$aMotet$1http://www.wikidata.org/entity/Q188285$92028
=651  \0$aGermany$1http://www.wikidata.org/entity/Q183$9155
=700  \\$4edt$aAmeln, Konrad$d1899-1994$1http://www.wikidata.org/entity/Q1312537$921891
=942  \\$cSCO
=952  \\$00$10$2ddc$40$6SCO_BACH1$70$8SCO$95406$aORPH$bORPH$cKTS1_P$d2020-07-08$eKoopman$i29A01$l0$oSCO BACH1$p20123501$r2021-01-12 00:00:00$yTYPE_UNK
=999  \\$c5406$d5406

