=LDR  00764cam a2200217 a 4500
=001  5408
=005  20250218154501.0
=008  881125s1988\\\\ne\\\\\\\\\\\\000\0ddut\\
=020  \\$a9026942311 :$cfl 14.90
=040  \\$aOI
=041  \\$adut
=100  \\$aAmerongen, Martin van$d1941-2002$4aut$99113
=245  13$aDe moord op Mozart van Nazareth
=260  \\$aHouten$bDe Haan$c1988
=300  \\$a78 pages$c21 cm
=490  0\$aDe Haan essay
=504  \\$aBibliography: p. 74-78.
=600  \0$aMozart, Wolfgang Amadeus$d1756-1791$1http://www.wikidata.org/entity/Q254$95341
=942  \\$cBOO
=952  \\$00$10$2ddc$40$6BIO_MOZA1_E$70$8BIO$95408$aORPH$bORPH$cKTS1_P$d2020-07-08$eKoopman$i23B36$l0$oBIO MOZA1 e$p20128519$r2021-01-12 00:00:00$w2021-01-12$yBOO$OKoopman
=999  \\$d5408

