=LDR  01508ccm a2200373 a 4500
=001  5410
=005  20250821130544.0
=008  880923s1984\\\\enkdfz\\\b\\\\\n\\\\\\\\\
=010  \\$a   83007406 
=020  \\$a0198161360
=040  \\$aMB
=041  \\$ager
=048  \\$akb01
=048  \\$akn01
=059  \\$aorg
=100  \\$aAmmerbach, Elias Nikolaus$d1530-1597$99116
=240  10$9289$aOrgel oder Instrument Tabulatur
=245  10$aOrgel oder Instrument Tabulaturbuch 
=260  \\$aOxford$bClarendon Press$c1984
=300  \\$alxxxix-370-[lvii]-lx pages$bmusic$c28 cm.
=336  \\$anotated music
=336  \\$aprinted
=500  \\$aFor organ or other keyboard instrument.
=500  \\$aContains ornamented arrangements of polyphonic choral music, settings of sacred and secular melodies, and dances.
=648  \0$a16th Century (1501-1600)$1http://www.wikidata.org/entity/Q7017$920944
=650  \0$aOrgan music$1http://www.wikidata.org/entity/Q2003283$91951
=650  \0$aOrgan music$1http://www.wikidata.org/entity/Q2003283$91951
=650  \0$aDance$1http://www.wikidata.org/entity/Q6034$924845
=650  \0$aKeyboard music$1http://www.wikidata.org/entity/Q105715630$921412
=650  \0$aKeyboard music$1http://www.wikidata.org/entity/Q105715630$921412
=700  \\$aJacobs, Charles$d1934-1995$910993
=942  \\$cSCO
=952  \\$00$10$2ddc$40$6SCO_AMME$70$8SCO$95410$aORPH$bORPH$cKTS1_P$d2020-07-08$eKoopman$i21A50$l0$oSCO AMME$p20128350$r2021-01-12 00:00:00$yTYPE_UNK
=999  \\$c5410$d5410

