=LDR  01270aam a2200253   4500
=001  5411
=008  220920s1981\\\\||||||||\||||\00|\0\dut\d
=020  \\$a902479059X
=041  \\$adut
=100  \\$aAndel, M. A. van$4aut$99118
=245  \\$aChirurgijns, vrije meesters, beunhazen en kwakzalvers:$bde chirurgijnsgilden en de praktijk der heelkunde (1400-1800)
=260  \\$aThe Hague$bNijhoff$c1981
=534  \\$aOriginally published in 1946 (see different copy)
=648  \0$aRenaissance (1400-1600)$1http://www.wikidata.org/entity/Q4692$920965
=648  \0$a17th Century (1601-1700)$1http://www.wikidata.org/entity/Q7016$920923
=648  \0$a18th Century (1701-1800)$1http://www.wikidata.org/entity/Q7015$920899
=650  \0$aMedicine$1http://www.wikidata.org/entity/Q11190$921959
=650  \0$aGuild$1http://www.wikidata.org/entity/Q170161$923332
=650  \0$aMaritime transport$1http://www.wikidata.org/entity/Q155930$924925
=650  \0$aTravel$1http://www.wikidata.org/entity/Q61509$94440
=651  \0$aNetherlands$1http://www.wikidata.org/entity/Q55$9173
=942  \\$cBOO
=952  \\$00$10$2ddc$40$6TOP_NL_4_000000000000000$70$8TOP$95411$aORPH$bORPH$cKTS0$d2020-07-08$eKoopman$i24C74$l0$oTOP NL 4$p20128976$r2021-01-12 00:00:00$w2021-01-12$yBOO$OKoopman
=999  \\$d5411

