=LDR  00964aam a2200205   4500
=001  5412
=008  220920s1946\\\\||||||||\||||\00|\0\dut\d
=041  \\$adut
=100  \\$aAndel, M. A. van$4aut$99118
=245  \\$aChirurgijns, vrije meesters, beunhazen en kwakzalvers:$bde chirurgijnsgilden en de praktijk der heelkunde (1400-1800)
=260  \\$aAmsterdam$bvan Kampen$c1946
=300  \\$a193 pages
=648  \0$aRenaissance (1400-1600)$1http://www.wikidata.org/entity/Q4692$920965
=648  \0$a17th Century (1601-1700)$1http://www.wikidata.org/entity/Q7016$920923
=648  \0$a18th Century (1701-1800)$1http://www.wikidata.org/entity/Q7015$920899
=650  \0$aMedicine$1http://www.wikidata.org/entity/Q11190$921959
=650  \0$aCuckoo$1http://www.wikidata.org/entity/Q18845$922474
=942  \\$cBOO
=952  \\$00$10$2ddc$40$6SCI_ANDE$70$8SCI$95412$aORPH$bORPH$cKM12_1$d2020-07-08$eKoopman$i40H32$l0$oSCI ANDE$p20122186$r2021-01-12 00:00:00$w2021-01-12$yBOO
=999  \\$d5412

