=LDR  01078cam a22002531  4500
=001  5414
=005  20250120120941.0
=008  741023s1964\\\\dk\\\\\\\\\\\\000\0\dan\\
=040  \\$aOI
=041  0\$adan$ager$alat
=100  \\$aFabricius, Jacob$d1589-1645$1http://www.wikidata.org/entity/Q112553$4aut$927368
=245  10$aJacob Fabricius den yngres optegnelser 1617-1644
=246  \1$aJacob Fabricius the Younger's Records
=260  \\$aCopenhagen$bI kommission hos DBK$c1964
=300  \\$axv-480 pages$c26 cm
=490  1\$aSkrifter udg. av Historisk samfund for Sønderjylland$v32
=504  \\$aBibliography: p. 449-450.
=648  \0$a17th Century (1601-1700)$1http://www.wikidata.org/entity/Q7016$920923
=650  \0$aAstronomy$1http://www.wikidata.org/entity/Q333$924195
=651  \0$aGermany$1http://www.wikidata.org/entity/Q183$9155
=700  \\$aAndersen, A.$d1889-$4edt$99120
=942  \\$cBOO
=952  \\$00$10$2ddc$40$6BIO_FABR_A$70$8BIO$95414$aORPH$bORPH$cKTS1_P$d2020-07-08$eKoopman$i45A22$oBIO FABR a$p20127426$r2021-01-12 00:00:00$w2021-01-12$yBOO$OKoopman
=999  \\$d5414

