=LDR  00802    a2200193   4500
=001  5416
=008  230307s1929\\\\dk\ao|||\||||\00|\0\dan\d
=041  \\$adan
=100  \\$aAndersen, Paul-G.$99122$4aut
=245  \\$aOrglet. Haandbog for orgelspillere
=260  \\$c1929$aCopenhagen$bO. Lohse
=300  \\$a86 pages
=650  \0$aOrgan$1http://www.wikidata.org/entity/Q1444$92810
=650  \0$aMethod$1http://www.wikidata.org/entity/Q2250960$921402
=650  \0$aOrgan registration$1http://www.wikidata.org/entity/Q7309439$923402
=651  \0$aDenmark$1http://www.wikidata.org/entity/Q35$921295
=942  \\$cBOO
=952  \\$00$10$2ddc$40$6INS_3_000000000000000_1C_ANDE$70$8INS$95416$aORPH$bORPH$cKTS0$d2020-07-08$eKoopman$i31D05$l0$oINS3.1c ANDE$p20121081$r2021-01-12 00:00:00$w2021-01-12$yBOO$OKoopman
=999  \\$d5416

