=LDR  01172aam a2200229   4500
=001  5417
=008  230921s1973\\\\|||h||||\||||\00|\0\ger\d
=020  \\$a3766804217
=041  \\$ager
=100  \\$aAndreae, Johann Valentin$d1586-1654$1http://www.wikidata.org/entity/Q60854$4aut$99123
=245  \\$aFama Fraternitatis (1614), Confesio Fraternitatis (1615), Chymische Hochzeit: Christiani Rosencreutz. Anno 1459 (1616)
=260  \\$aStuttgart$bCalwer$c1973
=490  \\$aQuellen und Forschungen zur Württembergischen Kirchengeschichte$v6
=600  \0$1http://www.wikidata.org/entity/Q841173$aAndreae, Johann Valentin$d1586-1654$99123
=648  \0$1http://www.wikidata.org/entity/Q7016$a17th Century (1601-1700)$920923
=650  \0$1http://www.wikidata.org/entity/Q194267$aRosicrucianism$922911
=650  \0$1http://www.wikidata.org/entity/Q131505$aEsotericism$925902
=651  \0$1http://www.wikidata.org/entity/Q183$aGermany$9155
=700  \\$4edt$926503$aDülmen, R. van
=942  \\$cBOO
=952  \\$00$10$2ddc$40$6PHI_ROSE_A$70$8PHI$95417$aORPH$bORPH$cKM12_3_2$d2020-07-08$eKoopman$i29C20$l1$oPHI ROSE a$p20123464$r2024-01-09 00:00:00$s2023-11-15$w2021-01-12$yBOO
=999  \\$d5417

