=LDR  01179aam a2200205   4500
=001  5419
=008  230822s1974\\\\|||a||||\||||\00|\0bdut\d
=041  \\$adut
=100  \\$aAndriessen, Pieter$d1943-2005$1http://www.wikidata.org/entity/Q2428332$916146
=245  \\$aCarel Hacquart (1640-1701?), een biografische bijdrage
=260  \\$c1974$aBrussels$bPaleis der Academien
=300  \\$a259 pages
=490  \\$aVerhandelingen van de Koninklijke Academie voor Wetenschappen, Letteren en Schone Kunsten van Belgie$vJaargang 36, Nr. 26
=500  \\$aCarolus Hacquart (or Carel Hacquart) (c. 1640 - after 1686) was a Flemish composer and musician. He became one of the most important 17th-century composers in the Dutch Republic and possibly also worked in England. 
=600  \0$1http://www.wikidata.org/entity/Q350004$aHacquart, Carolus$dc. 1640-1701?$95800
=650  \0$1http://www.wikidata.org/entity/Q36279$aBiography$91927
=650  \0$1http://www.wikidata.org/entity/Q36834$aComposer$93625
=942  \\$cBOO
=952  \\$00$10$2ddc$40$6BIO_HACQ_D$70$8BIO$95419$aORPH$bORPH$cKTS1_P$d2020-07-08$eKoopman$i32E17$oBIO HACQ d$p20122851$r2021-01-12 00:00:00$w2021-01-12$yBOO$OKoopman
=999  \\$d5419

