=LDR  00936cam a2200229 a 4500
=001  5421
=005  20250120120059.0
=008  830511s1982\\\\sp\af\\\\b\\\\000\0\spa\\
=040  \\$aOI
=041  \\$aspa
=100  \\$aLama, Jesús Angel de la$4aut$99126
=245  13$aEl órgano en Valladolid y su provincia:$bcatalogación y estudio
=260  \\$aValladolid$bCaja de Ahorros Provincial de Valladolid$c1982
=300  \\$a526 pages+8 leaves of plates$bill. (some col.) $c25 cm
=336  \\$aprinted
=504  \\$aBibliography: p. 519-521.
=650  \0$aOrgan$1http://www.wikidata.org/entity/Q1444$92810
=650  \0$aOrgan$1http://www.wikidata.org/entity/Q1444$92810
=651  \0$aSpain$1http://www.wikidata.org/entity/Q29$920983
=942  \\$cBOO
=952  \\$00$10$2ddc$40$6INS_3_000000000000000_1A_ES_VAL2$70$8INS$95421$aORPH$bORPH$cKTS0$d2020-07-08$eKoopman$i33F23$oINS3.1a ES.VAL2$p20120895$r2021-01-12 00:00:00$w2021-01-12$yBOO
=999  \\$d5421

