=LDR  00988aam a2200205   4500
=001  5422
=008  220907s1985\\\\||||||||\||||\00|\0bita\d
=041  \\$aita
=100  \\$aAngermüller, Rudolph$4aut$99130
=245  \\$aAntonio Salieri:$bfatti e documenti
=260  \\$aVerona$bCassa di Risparmio di Verona, Vicenza e Belluno$c1985
=600  \0$aSalieri, Antonio$d1750-1825$1http://www.wikidata.org/entity/Q51088$96337
=648  \0$a18th Century (1701-1800)$1http://www.wikidata.org/entity/Q7015$920899
=648  \0$a19th Century (1801-1900)$1http://www.wikidata.org/entity/Q6955$920935
=650  \0$aComposer$1http://www.wikidata.org/entity/Q36834$93625
=650  \0$aBiography$1http://www.wikidata.org/entity/Q36279$91927
=651  \0$aVienna (Austria)$1http://www.wikidata.org/entity/Q1741$920937
=942  \\$cBOO
=952  \\$00$10$2ddc$40$6BIO_SALI_B$70$8BIO$95422$aORPH$bORPH$cKTS1_P$d2020-07-08$eKoopman$i23C18$oBIO SALI b$p20128573$r2021-01-12 00:00:00$w2021-01-12$yBOO$OKoopman
=999  \\$d5422

