=LDR  01319cam a2200277 i 4500
=001  5423
=005  20250120120154.0
=008  780505s1977\\\\gw\g\\\\\b\\\\000\0ager\\
=015  \\$aGFR77-A39
=020  \\$a3873971038 :$cDM68.00
=040  \\$aOI
=100  \\$aNeukomm, Sigismund von$d1778-1858$1http://www.wikidata.org/entity/Q698066$99129
=245  00$aSigismund Neukomm :$bWerkverz., Autobiographie, Beziehung zu seinen Zeitgenossen /$c[hrsg. von] Rudolph Angermüller.
=260  \\$aMünchen ;$aSalzburg :$bKatzbichler,$c1977.
=300  \\$a276 p. :$bmusic, port. ;$c25 cm.
=504  \\$aIncludes bibliographical references.
=600  \0$aNeukomm, Sigismund von$d1778-1858$1http://www.wikidata.org/entity/Q698066$99129
=600  \0$aNeukomm, Sigismund von$d1778-1858$1http://www.wikidata.org/entity/Q698066$99129
=650  \0$aComposer$1http://www.wikidata.org/entity/Q36834$93625
=700  \\$aAngermüller, Rudolph$99130
=942  \\$cBOO
=952  \\$00$10$2ddc$40$6BIO_NEUK_A$70$8BIO$95423$aORPH$bORPH$cKTS1_P$d2020-07-08$eKoopman$i44G30$oBIO NEUK a$p20126846$r2021-01-12 00:00:00$w2021-01-12$yBOO$OKoopman
=999  \\$c5423$d5423
=490  \\$aMusikwissenschaftliche Schriften ;$vBd. 4
=651  \0$aAustria$1http://www.wikidata.org/entity/Q40$9202
=650  \0$aBiography$1http://www.wikidata.org/entity/Q36279$91927

