=LDR  01478cam a2200265 i 4500
=001  5424
=005  20250925143257.0
=008  770311i19751976it\c\\\\\b\\\\001\0\spa\\
=041  0\$aspa$aita$aeng$ager$afre
=100  \\$aAnglès, Higini$d1888-1969$4aut$1http://www.wikidata.org/entity/Q1406785$921471
=245  00$aScripta musicologica$nI-III
=260  \\$aRome$bStoria e letteratura$c1975-76
=300  \\$a3 vols. (659+667-1028+1035-1616 pages)
=648  \0$a19th Century (1801-1900)$1http://www.wikidata.org/entity/Q6955$920935
=648  \0$a20th Century (1901-2000)$1http://www.wikidata.org/entity/Q6927$920936
=650  \0$aMusic history$1http://www.wikidata.org/entity/Q846047$921373
=650  \0$aMusic criticism$1http://www.wikidata.org/entity/Q11748889$921598
=650  \0$aMusicology$1http://www.wikidata.org/entity/Q164204$93925
=651  \0$aCatalonia (Spain)$1http://www.wikidata.org/entity/Q5705$925738
=700  \\$4edt$aLópez-Calo, José$912477
=942  \\$cBOO
=952  \\$00$10$2ddc$40$6TRE_ANGL$70$8TRE$95424$aORPH$bORPH$cKTS1_H$d2020-07-08$eKoopman$i22B02-I$l0$oTRE ANGL$p20125646$r2021-01-12 00:00:00$w2021-01-12$yBOO
=952  \\$00$10$2ddc$40$6TRE_ANGL$70$8TRE$95425$aORPH$bORPH$cKTS1_H$d2020-07-08$eKoopman$i22bB02-II$l0$oTRE ANGL$p20125645$r2021-01-12 00:00:00$w2021-01-12$yBOO
=952  \\$00$10$2ddc$40$6TRE_ANGL$70$8TRE$95426$aORPH$bORPH$cKTS1_H$d2020-07-08$eKoopman$i22B02-III$l0$oTRE ANGL$p20125644$r2021-01-12 00:00:00$w2021-01-12$yBOO
=999  \\$d5424

