=LDR  01353aam a2200241   4500
=001  5427
=005  20251003085456.0
=008  230213s1949\\\\|||g||||\c|||\00|\0\spa\d
=041  \\$aspa
=245  \\$aCatálogo Musical de la Biblioteca Nacional de Madrid,$nVol. II,$pImpresos: Libros litúrgicos y teóricos musicales
=260  \\$aBarcelona$bConsejo Superior de Investigaciones Científicas, Instituto Español de Musicología$c1949
=300  \\$axvi-292 pages$b6 plates with facsimiles
=490  \\$aCatálogos de la Musica antigua conservada en España$v2
=610  \0$aBiblioteca Nacional de España (Madrid, Spain)$1http://www.wikidata.org/entity/Q750403$940076
=650  \0$aChurch music$1http://www.wikidata.org/entity/Q8812109$92283
=650  \0$aLibrary$1http://www.wikidata.org/entity/Q7075$94229
=650  \0$aCatalogue$1http://www.wikidata.org/entity/Q2352616$921484
=651  \0$aMadrid (Spain)$1http://www.wikidata.org/entity/Q2807$924677
=700  \\$4edt$aAnglès, Higini$d1888-1969$1http://www.wikidata.org/entity/Q1406785$921471
=700  \\$4edt$aSubirá, José$d1882-1980$1http://www.wikidata.org/entity/Q5945670$914299
=942  \\$cBOO
=952  \\$00$10$2ddc$40$6BIB_4_000000000000000_ES_MAD$70$8BIB$95427$aORPH$bORPH$cKTS0$d2020-07-08$eKoopman$i18D68$l0$oBIB4 ES.MAD$p20125010$r2021-01-12 00:00:00$w2021-01-12$yBOO$OKoopman
=999  \\$d5427

