=LDR  01374aam a2200265   4500
=001  5428
=008  240208s1973\\\\||||||||\||||\00|\0cdut\d
=041  \\$adut
=100  \\$aAnnegarn, A.$99132$4aut
=245  \\$aFloris en Cornelis Schuyt:$bmuziek in Leiden van de vijftiende tot het begin van de zeventiende eeuw
=260  \\$aUtrecht$bKVNM$c1973
=590  \\$aWith a summary in English
=600  \0$aSchuyt, Floris$d1526-1601$1http://www.wikidata.org/entity/Q124460729$927065
=600  \0$aSchuyt, Cornelis$d1557-1616$1http://www.wikidata.org/entity/Q749364$913993
=610  \0$aSchuyt family$1http://www.wikidata.org/entity/Q65819085$927064
=648  \0$a16th Century (1501-1600)$1http://www.wikidata.org/entity/Q7017$920944
=648  \0$a17th Century (1601-1700)$1http://www.wikidata.org/entity/Q7016$920923
=650  \0$aOrganist$1http://www.wikidata.org/entity/Q765778$94471
=650  \0$aComposer$1http://www.wikidata.org/entity/Q36834$93625
=650  \0$aBiography$1http://www.wikidata.org/entity/Q36279$91927
=650  \0$aMusic history$1http://www.wikidata.org/entity/Q846047$921373
=651  \0$aLeiden (Netherlands)$1http://www.wikidata.org/entity/Q43631$978
=942  \\$cBOO
=952  \\$00$10$2ddc$40$6BIO_SCHU13_E$70$8BIO$95428$aORPH$bORPH$cKTS1_P$d2020-07-08$eKoopman$i23F37$l0$oBIO SCHU13 e$p20128666$r2021-01-12 00:00:00$w2021-01-12$yBOO$OKoopman
=999  \\$d5428

