=LDR  00803aam a2200181   4500
=001  5430
=008  250122b\\\\\\\\|||oa|||\||||\00|\0|spa\d
=100  \\$aAnonymous$94790
=245  \\$aArte religioso en Cali
=300  \\$a48 pages
=500  \\$acontains a photo of the famous Walcker organ of 1928 in the San Pedro Cathedral of Cali
=650  \0$aReligion$1http://www.wikidata.org/entity/Q9174$93062
=650  \0$aFine art$1http://www.wikidata.org/entity/Q219625$921579
=650  \0$aArchitecture$1http://www.wikidata.org/entity/Q12271$93185
=651  \0$aCali (Columbia)$1http://www.wikidata.org/entity/Q51103$939550
=942  \\$cBOO
=952  \\$00$10$2ddc$40$6TOP_CO_CAL$70$8TOP$95430$aORPH$bORPH$cKTS0$d2020-07-08$eKoopman$i18C18$l0$oTOP CO.CAL$p20127084$r2021-01-12 00:00:00$w2021-01-12$yBOO$OKoopman
=999  \\$d5430

