=LDR  00831aam a2200181   4500
=001  5433
=005  20250925143257.0
=008  250624s1927\\\\||||||||\||||\00|\0\eng\d
=041  \\$aeng
=100  \\$aVan der Stucken, Frank$d1858-1929$4ard$940444
=245  \\$aTwenty-seventh music festival at Cincinnati.$bOfficial programme
=260  \\$aCincinnati, OH$bFestival Association$c1927
=648  \0$a20th Century (1901-2000)$1http://www.wikidata.org/entity/Q6927$920936
=650  \0$aFestival book$1http://www.wikidata.org/entity/Q17590416$922319
=651  \0$aCincinnati (Ohio, USA)$1http://www.wikidata.org/entity/Q43196$940445
=942  \\$cEPH
=952  \\$00$10$2ddc$40$6TOP_US_CIN_7_000000000000000$70$8TOP$95433$aORPH$bORPH$cKTS0$d2020-07-08$eKoopman$i18D46$l0$oTOP US.CIN 7$p20125027$r2021-01-12 00:00:00$w2021-01-12$yEPH$OKoopman
=999  \\$d5433

