=LDR  01118    a2200253   4500
=001  5434
=005  20251103124735.0
=008  211028|\\\\\\\\||||||||\||||\00|\0\eng\d
=041  \\$aeng
=100  \\$aAnonymous$94790
=245  \\$aEnglish keyboard technique up to the Death of Henry Purcell
=300  \\$a203 pages
=336  \\$aprinted
=561  \\$aEx Libris Ton Koopman
=648  \0$a17th Century (1601-1700)$1http://www.wikidata.org/entity/Q7016$920923
=648  \0$a16th Century (1501-1600)$1http://www.wikidata.org/entity/Q7017$920944
=648  \0$a18th Century (1701-1800)$1http://www.wikidata.org/entity/Q7015$920899
=650  \0$aKeyboard instrument$1http://www.wikidata.org/entity/Q52954$92849
=650  \0$aKeyboard music$1http://www.wikidata.org/entity/Q105715630$921412
=650  \0$aMusical interpretation$1http://www.wikidata.org/entity/Q1668139$94533
=651  \0$aUnited Kingdom$1http://www.wikidata.org/entity/Q21$9273
=942  \\$cBOO
=952  \\$00$10$2ddc$40$6INS_3A_GB$70$8INS$95434$aORPH$bORPH$cKTS0$d2020-07-08$eKoopman$i19E08$oINS3a GB$p20127825$r2021-01-12 00:00:00$w2021-01-12$yBOO
=999  \\$d5434

