=LDR  00947aam a2200205   4500
=001  5435
=008  240430s1975\\\\||||||||\||||\00|\0\dut\d
=041  \\$adut
=245  \\$aDe triomfeerende min:$b25 jaar Conferentie der Nederlandse Letteren
=260  \\$aBrussels$bBRT$c1975
=500  \\$aProgram booklet
=600  \0$aHacquart, Carolus$dc. 1640-1701?$1http://www.wikidata.org/entity/Q350004$95800
=648  \0$a17th Century (1601-1700)$1http://www.wikidata.org/entity/Q7016$920923
=650  \0$aOpera$1http://www.wikidata.org/entity/Q1344 $92468
=650  \0$aDutch$1http://www.wikidata.org/entity/Q7411$926205
=650  \0$aVrede van Nijmegen$1http://www.wikidata.org/entity/Q316900$927306
=651  \0$aNetherlands$1http://www.wikidata.org/entity/Q55$9173
=942  \\$cBOO
=952  \\$00$10$2ddc$40$6BIO_HACQ_F$70$8BIO$95435$aORPH$bORPH$cKTS1_P$d2020-07-08$eKoopman$i19F41$oBIO HACQ f$p20125231$r2021-01-12 00:00:00$w2021-01-12$yBOO$OKoopman
=999  \\$d5435

