=LDR  00677aam a2200157   4500
=001  5436
=005  20251003085456.0
=008  230402s1930\\\\||||||||\c|||\00|\0\dut\d
=041  \\$adut
=245  \\$aCatalogus no. 2 van oude schilderijen en teekeningen in het bezit van de N.V. kunsthandel P. de Boer
=260  \\$aBerlin$bGalerie Hans Bammann$c1930
=650  \0$aFine art$1http://www.wikidata.org/entity/Q219625$921579
=650  \0$aCatalogue$1http://www.wikidata.org/entity/Q2352616$921484
=942  \\$cBOO
=952  \\$00$10$2ddc$40$6VIS_XL_DEBO$70$8VIS$95436$aORPH$bORPH$cKTS1_H$d2020-07-08$eKoopman$i19G29$l0$oVIS XL DEBO$p20125189$r2021-01-12 00:00:00$w2021-01-12$yBOO$OKoopman
=999  \\$d5436

