=LDR  00551aam a2200133   4500
=001  5438
=008  220907s1985\\\\||||||||\||||\00|\0\ita\d
=041  \\$aita
=100  \\$aBarbieri, G.$4edt$924848
=245  \\$a1985 anno europeo della musica.$bUn viaggio nella storia musicale dall'Europa a Verona
=260  \\$aVerona$bCassa di risparmio di Verona Vicenza e Belluno$c1985
=942  \\$cBOO
=952  \\$00$10$2ddc$40$6TOP_IT_VER$70$8TOP$95438$aORPH$bORPH$cKTS0$d2020-07-08$eKoopman$i20D04$l0$oTOP IT.VER$p20125336$r2021-01-12 00:00:00$w2021-01-12$yBOO$OKoopman
=999  \\$d5438

