=LDR  00351    a2200109   4500
=001  5440
=100  \\$aAnonymous$94790
=245  \\$aEen Schoon Liedekens-Boeck
=260  \\$c1941
=942  \\$cBOO
=952  \\$00$10$2ddc$40$6LIT_LIED_A$70$8LIT$95440$aORPH$bORPH$cKM12_2_H$d2020-07-08$eKoopman$i20D21$oLIT LIED a$p20125330$r2021-01-12 00:00:00$w2021-01-12$yBOO
=999  \\$c5440$d5440

