=LDR  00776aam a2200193   4500
=001  5441
=008  221124s1963\\\\|||o||||\||||\00|\0bdut\d
=041  \\$adut
=245  \\$aVivaldi spreekt tot ons
=260  \\$c1963$bs.n.$as.l.
=300  \\$a16 pages
=490  \\$aAO-reeks$v958
=600  \0$aVivaldi, Antonio$d1678-1741$1http://www.wikidata.org/entity/Q1340$911980
=648  \0$a18th Century (1701-1800)$1http://www.wikidata.org/entity/Q7015$920899
=650  \0$aComposer$1http://www.wikidata.org/entity/Q36834$93625
=651  \0$aVenice (Italy)$1http://www.wikidata.org/entity/Q641$91
=942  \\$cBOO
=952  \\$00$10$2ddc$40$6BIO_VIVA_E$70$8BIO$95441$aORPH$bORPH$cKTS1_P$d2020-07-08$eKoopman$i20D56$l0$oBIO VIVA e$p20125350$r2021-01-12 00:00:00$w2021-01-12$yBOO$OKoopman
=999  \\$d5441

