=LDR  00810aam a2200193   4500
=001  5442
=005  20250926134853.0
=008  230217s1972\\\\||||||||\||||\00|\0\dut\d
=041  \\$adut
=245  \\$aBach:$bvan clavichord tot electronisch orgel
=260  \\$aAmsterdam$c1972
=490  \\$aAC-reeks$v1412
=600  \0$aBach, Johann Sebastian$d1685-1750$1http://www.wikidata.org/entity/Q1339$94766
=648  \0$a18th Century (1701-1800)$1http://www.wikidata.org/entity/Q7015$920899
=650  \0$aKeyboard instrument$1http://www.wikidata.org/entity/Q52954$92849
=650  \0$aOrganology$1http://www.wikidata.org/entity/Q899293$921400
=942  \\$cBOO
=952  \\$00$10$2ddc$40$6BIO_BACH1_E$70$8BIO$95442$aORPH$bORPH$cKTS1_P$d2020-07-08$eKoopman$i20D58$oBIO BACH1 e$p20125348$r2021-01-12 00:00:00$w2021-01-12$yBOO
=999  \\$d5442

