=LDR  01248    a2200253   4500
=001  5443
=005  20250925143257.0
=008  220126s1971\\\\|||a||||\||||\00|\0ddut\d
=041  \\$adut
=245  \\$aPortret van een componist:$bJosquin des Prez ca. 1440-1521
=260  \\$aUtrecht$bVNM$c1971
=300  \\$a16 pages
=500  \\$aNewspaper commemorating the 450th anniversary of Josequin's death; contains articles by, among others, Theun de Vries, Helene Nolthenius, Willem Elders, and Kees Vellekoop
=600  \0$aJosquin Desprez$d1450?-1521$1http://www.wikidata.org/entity/Q143100$918229
=648  \0$a15th Century (1401-1500)$1http://www.wikidata.org/entity/Q7018$921015
=648  \0$a16th Century (1501-1600)$1http://www.wikidata.org/entity/Q7017$920944
=648  \0$a20th Century (1901-2000)$1http://www.wikidata.org/entity/Q6927$920936
=650  \0$aComposer$1http://www.wikidata.org/entity/Q36834$93625
=650  \0$aBiography$1http://www.wikidata.org/entity/Q36279$91927
=700  \\$4edt$aElders, Willem$921325
=700  \\$4edt$aYong, Kwee Him$923567
=942  \\$cPER
=952  \\$00$10$2ddc$40$6BIO_JOSQ_F$70$8BIO$95443$aORPH$bORPH$cKTS1_P$d2020-07-08$eKoopman$i23G35$oBIO JOSQ f$p20129744$r2021-01-12 00:00:00$w2021-01-12$yPER
=999  \\$d5443

