=LDR  01499cam a2200313 a 4500
=001  5446
=005  20250120120559.0
=008  930908s1985\\\\sp\a\\\\\b\\\\000\0\spa\\
=020  \\$a8400061101
=040  \\$aOI
=041  0\$aspa$ager$afre
=100  \\$4aut$aVarious$94793
=245  03$aEl Organo de Longares, Zaragoza, España, 1699.$bUna restauración histórica 
=246  \1$aDie Orgel von Longares, Zaragoza, Spanien, 1699. Eine historische Restauration 
=260  \\$aZaragoza $bInstitución Fernando el Católico, Sección de Música Antigua, Excma. Diputación Provincial$c1985
=300  \\$a215 pages$bill. $c30 cm
=490  1\$aPublicación núm. 1.035 de la "Institución Fernando el Católico"
=500  \\$aIn Spanish, French, and German.
=504  \\$aIncludes bibliographical references (p. 10).
=610  \0$aNuestra Señora de la Asunción de Longares (Spain)$91204
=650  \0$aOrgan$1http://www.wikidata.org/entity/Q1444$92810
=650  \0$aOrgan$1http://www.wikidata.org/entity/Q1444$92810
=650  \0$aOrgan$1http://www.wikidata.org/entity/Q1444$92810
=651  \0$aSpain$1http://www.wikidata.org/entity/Q29$920983
=651  \0$aZaragoza (Spain)$1http://www.wikidata.org/entity/Q10305$924132
=710  \\$aOrgelbau Felsberg AG (Felsberg, Switzerland)$91205
=942  \\$cBOO
=952  \\$00$10$2ddc$40$6INS_3_000000000000000_1E_ES_ZAR$70$8INS$95446$aORPH$bORPH$cKTS0$d2020-07-08$eKoopman$i24G30$oINS 3.1e ES.ZAR$p20125806$r2021-01-12 00:00:00$w2021-01-12$yBOO
=999  \\$d5446

