=LDR  00972    a2200217   4500
=001  5447
=005  20251003085456.0
=008  210923q1970\\\\be\|||||\||||\00|\0\fre\d
=041  \\$afre
=100  \\$aDe Maeyer, René$4cur$922276
=245  \\$aExposition des instruments de musique du XVIII° siècle:$bJuillet musical a Saint-Hubert 1970
=260  \\$aSaint-Hubert$bGofflot$c1970
=561  \\$aEx Libris Ton Koopman
=610  \0$aMusical Instruments Museum (Brussels, Belgium)$922388
=648  \0$a18th Century (1701-1800)$1http://www.wikidata.org/entity/Q7015$920899
=650  \0$aOrganology$1http://www.wikidata.org/entity/Q899293$921400
=650  \0$aCatalogue$1http://www.wikidata.org/entity/Q2352616$921484
=651  \0$aSaint-Hubert (Belgium)$1http://www.wikidata.org/entity/Q713740$923105
=942  \\$cBOO
=952  \\$00$10$2ddc$40$6INS_1A_BE$70$8INS$95447$aORPH$bORPH$cKTS0$d2020-07-08$eKoopman$i33E14$oINS1a BE$p20120975$r2021-01-12 00:00:00$w2021-01-12$yBOO
=999  \\$d5447

