=LDR  01134aam a2200241   4500
=001  5456
=008  250218s1999\\\\|||a||||\b|||\00|\0\mul\d
=041  \\$aita$ager
=100  \\$aAnonimo Veneziano$99135
=245  \\$aEine deutsche Reise Anno 1708
=260  \\$c1999$aInnsbruck$bHaymon
=300  \\$a174 pages
=500  \\$aBilingual edition: transcription of the italian manuscript travel diary, and its german translation.
=590  \\$aHerausgegeben, übersetzt und kommentiert, mit 111 zeitgenössischen Bildern.
=648  \0$a18th Century (1701-1800)$1http://www.wikidata.org/entity/Q7015$920899
=650  \0$aTravel$1http://www.wikidata.org/entity/Q61509$94440
=650  \0$aDiary$1http://www.wikidata.org/entity/Q185598$921711
=650  \0$aCultural history$1http://www.wikidata.org/entity/Q858517$922395
=651  \0$aGermany$1http://www.wikidata.org/entity/Q183$9155
=700  \\$aSchrattenecker, Irene$4aut$4trl$939729
=942  \\$cBOO
=952  \\$00$10$2ddc$40$6TOP_DE_5_000000000000000$70$8TOP$95456$aORPH$bORPH$cKTS0$d2020-07-08$eKoopman$i44A06$l0$oTOP DE 5$p20126744$r2021-01-12 00:00:00$w2021-01-12$yBOO$OKoopman
=999  \\$d5456

