=LDR  01538aam a2200253   4500
=001  5457
=008  211001i19511960\\\|||||\||||\00|\1\fre\d
=041  \\$afre
=100  \\$4edt$aRoques, Mario$922380
=245  \\$aLe Roman de Renart
=260  \\$aParis$bChampion$c1951-60
=300  \\$a5 vols.
=490  \\$aClassiques français du moyen âge$v78-79; 81; 85; 88
=561  \\$aEx libris Laura Dobbenga
=648  \0$aMiddle Ages (500-1400)$1http://www.wikidata.org/entity/Q12554$920964
=650  \0$aLiterature$1http://www.wikidata.org/entity/Q8242$94439
=651  \0$aFrance$1http://www.wikidata.org/entity/Q142$9131
=942  \\$cBOO
=952  \\$00$10$2ddc$3Branche I$40$6LIT_ROQU_A$70$8LIT$95457$aORPH$bORPH$cKM12_2_H$d2020-07-08$eKoopman$i43D05$oLIT ROQU a$p20126533$r2021-01-12 00:00:00$w2021-01-12$yBOO
=952  \\$00$10$2ddc$3Branches II-VI$40$6LIT_ROQU_A$70$8LIT$95458$aORPH$bORPH$cKM12_2_H$d2020-07-08$eKoopman$i43D05$oLIT ROQU a$p20126532$r2021-01-12 00:00:00$w2021-01-12$yBOO
=952  \\$00$10$2ddc$3Branches VII-IX$40$6LIT_ROQU_A$70$8LIT$95459$aORPH$bORPH$cLOC_UNK$d2020-07-08$eKoopman$i43D05$oLIT ROQU a$p20126531$r2021-01-12 00:00:00$w2021-01-12$yTYPE_UNK
=952  \\$00$10$2ddc$3Branches X-XI$40$6LIT_ROQU_A$70$8LIT$95460$aORPH$bORPH$cKM12_2_H$d2020-07-08$eKoopman$i43D05$oLIT ROQU a$p20126530$r2021-01-12 00:00:00$w2021-01-12$yBOO
=952  \\$00$10$2ddc$3Branches XII-XVII$40$6LIT_ROQU_A$70$8LIT$95461$aORPH$bORPH$cKM12_2_H$d2020-07-08$eKoopman$i43D05$oLIT ROQU a$p20126529$r2021-01-12 00:00:00$w2021-01-12$yBOO
=999  \\$d5457

