=LDR  00377    a2200121   4500
=001  5462
=100  \\$aAnonymous$94790
=245  \\$aLa Résurrection du Sauveur
=260  \\$c1931
=500  \\$aKaft los
=942  \\$cBOO
=952  \\$00$10$2ddc$40$6LIT_RESU_A$70$8LIT$95462$aORPH$bORPH$cKM12_2_H$d2020-07-08$eKoopman$i43D09$oLIT RESU a$p20126525$r2021-01-12 00:00:00$w2021-01-12$yBOO
=999  \\$c5462$d5462

