=LDR  00712aam a2200181   4500
=001  5463
=008  250819s1959\\\\||||||||\||||\00|\0\fre\d
=041  \\$afre
=100  \\$aLods, J.$940990$4edt
=245  \\$aLes Lais de Marie de France
=260  \\$aParis$bChampion$c1959
=490  \\$aClassiques français du moyen âge$v87
=648  \0$aMiddle Ages (500-1400)$1http://www.wikidata.org/entity/Q12554$920964
=650  \0$aPoetry$1http://www.wikidata.org/entity/Q482$93026
=651  \0$aFrance$1http://www.wikidata.org/entity/Q142$9131
=942  \\$cBOO
=952  \\$00$10$2ddc$40$6LIT_LAIS_A$70$8LIT$95463$aORPH$bORPH$cKM12_2_H$d2020-07-08$eKoopman$i43D10$oLIT LAIS a$p20126524$r2021-01-12 00:00:00$w2021-01-12$yBOO
=999  \\$d5463

