=LDR  00749aam a2200181   4500
=001  5465
=008  250819s1931\\\\||||||||\||||\00|\1\fre\d
=041  \\$afre
=100  \\$aPierre, J. L.$940987$4edt
=245  \\$aLe Charrois de Nimes.$bChanson de geste du XIIe siecle
=260  \\$aParis$bChampion$c1931
=490  \\$aClassiques français du moyen âge$v66
=648  \0$aMiddle Ages (500-1400)$1http://www.wikidata.org/entity/Q12554$920964
=650  \0$aLiterature$1http://www.wikidata.org/entity/Q8242$94439
=651  \0$aFrance$1http://www.wikidata.org/entity/Q142$9131
=942  \\$cBOO
=952  \\$00$10$2ddc$40$6LIT_A_CHAR$70$8LIT$95465$aORPH$bORPH$cKM12_2_H$d2020-07-08$eKoopman$i43D17$oLIT a CHAR$p20126515$r2021-01-12 00:00:00$w2021-01-12$yBOO
=999  \\$d5465

