=LDR  00778aam a2200181   4500
=001  5466
=008  250715s1921\\\\||||||||\||||\00|\1\fre\d
=100  \\$aBayot, A.$940804$4edt
=245  \\$aGormont et Isembart.$bFragment de chanson de geste du XIIe siècle
=260  \\$aParis$bChampion$c1921
=490  \\$aClassiques français du moyen âge$v14
=561  \\$aEx libris Laura Dobbenga
=648  \0$aMiddle Ages (500-1400)$1http://www.wikidata.org/entity/Q12554$920964
=650  \0$aLiterature$1http://www.wikidata.org/entity/Q8242$94439
=651  \0$aFrance$1http://www.wikidata.org/entity/Q142$9131
=942  \\$cBOO
=952  \\$00$10$2ddc$40$6LIT_GORM_A$70$8LIT$95466$aORPH$bORPH$cKM12_2_H$d2020-07-08$eKoopman$i43D18$oLIT GORM a$p20126514$r2021-01-12 00:00:00$w2021-01-12$yBOO
=999  \\$d5466

