=LDR  00823aam a2200193   4500
=001  5467
=008  250819s1925\\\\||||||||\||||\00|\0\fre\d
=041  \\$afre
=100  \\$aLanglois, E.$4edt$940988
=245  \\$aLe Couronnement de Louis.$bChanson de geste du XIIe siecle
=260  \\$aParis$bChampion$c1925
=490  \\$aClassiques français du moyen âge$v22
=648  \0$aMiddle Ages (500-1400)$1http://www.wikidata.org/entity/Q12554$920964
=650  \0$aLiterature$1http://www.wikidata.org/entity/Q8242$94439
=650  \0$aNobility$1http://www.wikidata.org/entity/Q134737$93602
=651  \0$aFrance$1http://www.wikidata.org/entity/Q142$9131
=942  \\$cBOO
=952  \\$00$10$2ddc$40$6LIT_COUR_A$70$8LIT$95467$aORPH$bORPH$cKM12_2_H$d2020-07-08$eKoopman$i43D19$oLIT COUR a$p20126513$r2021-01-12 00:00:00$w2021-01-12$yBOO
=999  \\$d5467

