=LDR  00862aam a2200217   4500
=001  5468
=008  211102s1962\\\\\\\|||||\||||\00|\p\fre\d
=041  \\$afre$afro
=100  \\$aRoques, Mario$4edt$922380
=245  \\$aAucassin et Nicolette.$bChantefable du XIIIe siècle
=250  \\$a2nd ed.
=260  \\$aParis$bChampion$c1962
=300  \\$axxxviii-208-[viii] pages
=490  \\$aLes classiques français du moyen âge$v41
=561  \\$aEx libris Laura Dobbenga
=648  \0$aMiddle Ages (500-1400)$1http://www.wikidata.org/entity/Q12554$920964
=650  \0$aLiterature$1http://www.wikidata.org/entity/Q8242$94439
=651  \0$aFrance$1http://www.wikidata.org/entity/Q142$9131
=942  \\$cBOO
=952  \\$00$10$2ddc$40$6LIT_AUCA_A$70$8LIT$95468$aORPH$bORPH$cKM12_2_H$d2020-07-08$eKoopman$i43D20$oLIT AUCA a$p20126512$r2021-01-12 00:00:00$w2021-01-12$yBOO
=999  \\$d5468

