=LDR  00847aam a2200205   4500
=001  5469
=008  250714s1921\\\\||||||||\||||\00|\p\fre\d
=041  \\$afre
=100  \\$aBoer, C. de$940760$4edt
=245  \\$aPiramus et Tisbé.$bPoème du XIIe siècle
=260  \\$aParis$bChampion$c1921
=490  \\$aClassiques français du Moyen Âge$v26
=561  \\$aEx libris Laura Dobbenga
=648  \0$aMiddle Ages (500-1400)$1http://www.wikidata.org/entity/Q12554$920964
=650  \0$aLiterature$1http://www.wikidata.org/entity/Q8242$94439
=650  \0$aMythology$1http://www.wikidata.org/entity/Q9134$921600
=651  \0$aFrance$1http://www.wikidata.org/entity/Q142$9131
=942  \\$cBOO
=952  \\$00$10$2ddc$40$6LIT_PIRA_A$70$8LIT$95469$aORPH$bORPH$cKM12_2_H$d2020-07-08$eKoopman$i43D21$oLIT PIRA a$p20126511$r2021-01-12 00:00:00$w2021-01-12$yBOO
=999  \\$d5469

