=LDR  00942aam a2200217   4500
=001  5470
=008  250819s1933\\\\||||||||\||||\00|\p\fre\d
=041  \\$afre
=100  \\$aParis, G.$940986$4edt
=245  \\$aLa vie de Saint Alexis.$bPoème du XIe siècle
=260  \\$aParis$bChampion$c1933
=490  \\$aClassiques français du moyen âge$v4
=648  \0$aMiddle Ages (500-1400)$1http://www.wikidata.org/entity/Q12554$920964
=650  \0$aPoetry$1http://www.wikidata.org/entity/Q482$93026
=650  \0$aCatholicism$1http://www.wikidata.org/entity/Q1841$921631
=650  \0$aSaint$1http://www.wikidata.org/entity/Q43115$93374
=650  \0$aBiography$1http://www.wikidata.org/entity/Q36279$91927
=651  \0$aFrance$1http://www.wikidata.org/entity/Q142$9131
=942  \\$cBOO
=952  \\$00$10$2ddc$40$6LIT_PARI_A$70$8LIT$95470$aORPH$bORPH$cKM12_2_H$d2020-07-08$eKoopman$i43D24$oLIT PARI a$p20126508$r2021-01-12 00:00:00$w2021-01-12$yBOO
=999  \\$d5470

