=LDR  00343    a2200109   4500
=001  5471
=100  \\$aAnonymous$94790
=245  \\$aLe mystère d'Adam
=260  \\$c1918
=942  \\$cBOO
=952  \\$00$10$2ddc$40$6LIT_ADAM_A$70$8LIT$95471$aORPH$bORPH$cKM12_2_H$d2020-07-08$eKoopman$i43D36$oLIT ADAM a$p20126494$r2021-01-12 00:00:00$w2021-01-12$yBOO
=999  \\$c5471$d5471

