=LDR  00865aam a2200193   4500
=001  5472
=008  250210s1957\\\\||||||||\||||\00|\0\fre\d
=041  \\$afrm
=100  \\$aRoques, Mario$1http://www.wikidata.org/entity/Q1899007$922380$4edt
=245  \\$aL'Estoire de Griseldis en rimes et par personnages (1395)
=260  \\$aGenève$bDroz$aParis$bMinard$c1957
=490  \\$aTextes littéraires français
=600  \0$aGriselda$1http://www.wikidata.org/entity/Q1547053$939668
=648  \0$aMiddle Ages (500-1400)$1http://www.wikidata.org/entity/Q12554$920964
=650  \0$aPoetry$1http://www.wikidata.org/entity/Q482$93026
=651  \0$aFrance$1http://www.wikidata.org/entity/Q142$9131
=942  \\$cBOO
=952  \\$00$10$2ddc$40$6LIT_ESTO_A$70$8LIT$95472$aORPH$bORPH$cKM12_2_H$d2020-07-08$eKoopman$i43D37$oLIT ESTO a$p20126493$r2021-01-12 00:00:00$w2021-01-12$yBOO
=999  \\$d5472

