=LDR  00344    a2200109   4500
=001  5475
=100  \\$aAnonymous$94790
=245  \\$aLa mort le roi Artu
=260  \\$c1954
=942  \\$cBOO
=952  \\$00$10$2ddc$40$6LIT_MORT_A$70$8LIT$95475$aORPH$bORPH$cKM12_2_H$d2020-07-08$eKoopman$i43D44$oLIT MORT a$p20126486$r2021-01-12 00:00:00$w2021-01-12$yBOO
=999  \\$c5475$d5475

