=LDR  00958aam a2200205   4500
=001  5480
=008  220908s1981\\\\|||ga|||\b|||\001\0\eng\d
=041  \\$aeng
=100  \\$aAnthony, James R.$d1922-2001$4aut$1http://www.wikidata.org/entity/Q104502209$912833
=245  \\$aFrench Baroque Music from Beaujoyeulx to Rameau
=260  \\$aNew York$bNorton$c1981
=300  \\$axi-456 pages
=648  \0$a17th Century (1601-1700)$1http://www.wikidata.org/entity/Q7016$920923
=648  \0$a18th Century (1701-1800)$1http://www.wikidata.org/entity/Q7015$920899
=650  \0$aMusic history$1http://www.wikidata.org/entity/Q846047$921373
=650  \0$aBaroque$1http://www.wikidata.org/entity/Q37853$921255
=651  \0$aFrance$1http://www.wikidata.org/entity/Q142$9131
=942  \\$cBOO
=952  \\$00$10$2ddc$40$6TOP_FR_5_000000000000000$70$8TOP$95480$aORPH$bORPH$cKTS0$d2020-07-08$eKoopman$i21C19$l0$oTOP FR 5$p20128220$r2021-01-12 00:00:00$w2021-01-12$yBOO$OKoopman
=999  \\$d5480

