=LDR  01005aam a2200217   4500
=001  5482
=008  240408s1965\\\\||||||||\||||\00|\0bfre\d
=041  \\$afre
=100  \\$aAntoine, M.$99143$4aut
=245  \\$aHenry Desmarest (1661-1741),$bbiographie critique
=260  \\$aParis$bPicard$c1965
=490  \\$aVie musicale en France sous les Rois Bourbons$v10
=600  \0$aDesmarets, Henry$d1661-1741$1http://www.wikidata.org/entity/Q1345283$97883
=648  \0$a17th Century (1601-1700)$1http://www.wikidata.org/entity/Q7016$920923
=648  \0$a18th Century (1701-1800)$1http://www.wikidata.org/entity/Q7015$920899
=650  \0$aComposer$1http://www.wikidata.org/entity/Q36834$93625
=650  \0$aBiography$1http://www.wikidata.org/entity/Q36279$91927
=651  \0$aFrance$1http://www.wikidata.org/entity/Q142$9131
=942  \\$cBOO
=952  \\$00$10$2ddc$40$6BIO_DESM_D$70$8BIO$95482$aORPH$bORPH$cKTS1_P$d2020-07-08$eKoopman$i32D20$oBIO DESM d$p20123125$r2021-01-12 00:00:00$w2021-01-12$yBOO$OKoopman
=999  \\$d5482

