=LDR  01419cam a2200265 p 4500
=001  5483
=005  20250120115934.0
=008  771018m19771979au\a\\\\\b\\\\001\0\ger\\
=020  \\$a3222109753 (v. 1) :$cS470.00 (v. 1)
=040  \\$aOI
=041  \\$ager
=245  00$aMusikgeschichte Österreichs.$bBd. 1. Von den Anfängen zum Barock.--Bd. 2. Vom Barock zur Gegenwart.
=260  \\$aGraz$aVienna$aCologne$bStyria$c1977$c1979
=300  \\$a2 vols. (399-608 pages)$billustrations$c25 cm
=504  \\$aIncludes bibliographies and indexes.
=561  \\$aEx Libris Universitätsbibliothel Konstanz (Stamp)
=590  \\$aim Auftrag d. Österr. Ges. f. Musikwissenschaft hrsg. v. Rudolf Flotzinger u. Gernot Gruber.
=650  \0$aMusic history$1http://www.wikidata.org/entity/Q846047$921373
=651  \0$aAustria$1http://www.wikidata.org/entity/Q40$9202
=700  \\$aFlotzinger, Rudolf$d1939-$4edt$1http://www.wikidata.org/entity/Q115168$99144
=700  \\$aGruber, Gernot$4edt$1http://www.wikidata.org/entity/Q1514396$99145
=942  \\$cBOO
=952  \\$00$10$2ddc$3Band I$40$6TOP_AT_0_000000000000000$70$8TOP$95483$aORPH$bORPH$cKTS0$d2020-07-08$eKoopman$i29C32_01$l0$oTOP AT 0$p20123450$r2021-01-12 00:00:00$w2021-01-12$yBOO
=952  \\$00$10$2ddc$3Band II$40$6TOP_AT_0_000000000000000$70$8TOP$910734$aORPH$bORPH$cKTS0$d2020-07-08$eKoopman$i29C32_02$l0$oTOP AT 0$p20123451$r2021-01-12 00:00:00$w2021-01-12$yBOO
=999  \\$d5483

