=LDR  01486cam a2200289 a 4500
=001  5484
=008  880525s1990\\\\inua\\\\\b\\\s001\0\eng\\
=020  \\$a0253306833 (alk. paper)
=041  1\$aeng$hger
=100  \\$aApel, Willi$d1893-1988$1http://www.wikidata.org/entity/Q215916$4aut$99146
=240  10$9295$aItalienische Violinmusik im 17. Jahrhundert.$lEnglish
=245  10$aItalian Violin Music of the Seventeenth Century
=260  \\$aBloomington $bIndiana University Press$c1990
=300  \\$aix, 306 pages$bill. $c25 cm
=490  \\$aMusic-scholarship and performance
=500  \\$aTranslated and enl. from: Die italienische Violinmusik im 17. Jahrhundert.
=504  \\$aIncludes bibliographical references (p. [295]-297) and index.
=648  \0$a17th Century (1601-1700)$1http://www.wikidata.org/entity/Q7016$920923
=650  \0$aViolin$1http://www.wikidata.org/entity/Q8355$92783
=650  \0$aInstrumental music$1http://www.wikidata.org/entity/Q639197$92106
=650  \0$aComposer$1http://www.wikidata.org/entity/Q36834$93625
=650  \0$aMusic history$1http://www.wikidata.org/entity/Q846047$921373
=651  \0$aItaly$1http://www.wikidata.org/entity/Q38$922
=700  \\$aBinkley, Thomas$d1931-1995$1http://www.wikidata.org/entity/Q771339$4edt$99147
=942  \\$cBOO
=952  \\$00$10$2ddc$40$6INS_4_000000000000000_1D_APEL$70$8INS$95484$aORPH$bORPH$cKTS0$d2020-07-08$eKoopman$i23D11$l0$oINS4.1d APEL$p20128608$r2021-01-12 00:00:00$w2021-01-12$yBOO$OKoopman
=999  \\$d5484

