=LDR  00888aam a2200193   4500
=001  5486
=008  210312s1962\\\\be\g||||\||||\00|\0\ger\d
=041  \\$ager
=100  \\$aApel, Willi$d1893-1988$4aut$1http://www.wikidata.org/entity/Q215916$99146
=245  \\$aDie Notation der polyphonen Musik$b900-1600
=260  \\$aLeipzig$bBreitkopf & Härtel$c1962
=300  \\$a527 pages
=648  \0$aMiddle Ages (500-1400)$1http://www.wikidata.org/entity/Q12554$920964
=648  \0$aRenaissance (1400-1600)$1http://www.wikidata.org/entity/Q4692$920965
=650  \0$aPolyphony$1http://www.wikidata.org/entity/Q179465$926381
=650  \0$aMensural notation$1http://www.wikidata.org/entity/Q1920919$923455
=942  \\$cBOO
=952  \\$00$10$2ddc$40$6MTP_1_000000000000000_APE$70$8MTP$95486$aORPH$bORPH$cKM12_1$d2020-07-08$eKoopman$i30F07$l0$oMTP1 APE$p20123322$r2021-01-12 00:00:00$w2021-01-12$yBOO
=999  \\$d5486

