=LDR  00999aam a2200265   4500
=001  5487
=003  OI
=005  20250514134535.0
=008  210208b\\\\\\\\\\\|||||\||||\00|\0\eng\d
=040  \\$cOI
=041  \\$aeng
=100  \\$aApel, Willi$d1893-1988$4aut$1http://www.wikidata.org/entity/Q215916$99146
=245  \\$aGregorian Chant
=250  \\$a1st ed.
=260  \\$aBloomington, IN$bIndiana University Press$c1958
=300  \\$a529 pages
=561  \\$aEx libris Laura Dobbenga
=648  \0$aMiddle Ages (500-1400)$1http://www.wikidata.org/entity/Q12554$920964
=650  \0$aPlainchant$1http://www.wikidata.org/entity/Q2707688$921363
=650  \0$aMusic history$1http://www.wikidata.org/entity/Q846047$921373
=700  \\$aJesson, R.$4ctb$927284
=700  \\$aSnow, Robert J.$d1926-1998$4ctb$915681
=942  \\$cBOO
=952  \\$00$10$2ddc$40$6GEN_2_000000000000000$70$8GEN$95487$aORPH$bORPH$cKM12_1$d2020-07-08$eKoopman$i44B05$l0$oGEN2$p20126707$r2021-01-12 00:00:00$w2021-01-12$yBOO
=999  \\$d5487

