=LDR  00939cam a2200217 a 4500
=001  5495
=005  20250120120311.0
=008  840822s1983\\\\gw\ag\\\\b\\\\000\0\ger\\
=020  \\$a3764922656
=040  \\$aOI
=100  \\$aArbogast, Jochen$d1954-$99153
=245  10$aStilkritische Untersuchungen zum Klavierwerk des Thomaskantors Johann Kuhnau (1660-1722) /$cvorgelegt von Jochen Arbogast.
=260  \\$aRegensburg :$bG. Bosse,$c1983.
=300  \\$a244, [7] p. :$btabs., music ;$c22 cm.
=502  \\$aThesis (doctoral)--Universität zu Köln, 1983.
=504  \\$aBibliography: p. [245]-[250]
=600  \0$aKuhnau, Johann$d1660-1722$1http://www.wikidata.org/entity/Q157359$95086
=942  \\$cBOO
=952  \\$00$10$2ddc$40$6BIO_KUHN1_E$70$8BIO$95495$aORPH$bORPH$cKTS1_P$d2020-07-08$eKoopman$i43G57$oBIO KUHN1 e$p20126750$r2021-01-12 00:00:00$w2021-01-12$yBOO$OKoopman
=999  \\$c5495$d5495
=490  \\$aKölner Beiträge zur Musikforschung ;$vBd. 129

