=LDR  00779    a2200205   4500
=001  5499
=008  220525s1993\\\\fr\f||||\||||\00|\0\fre\d
=041  \\$afre
=245  \\$aL'orgue de l'église de la Cité$b(1731-1993)
=260  \\$c1993$bCopédit
=300  \\$a32 pages
=336  \\$aprinted
=650  \0$aOrgan$1http://www.wikidata.org/entity/Q1444$92810
=650  \0$aOrganology$1http://www.wikidata.org/entity/Q899293$921400
=651  \0$aFrance$1http://www.wikidata.org/entity/Q142$9131
=700  \\$4aut$aDarcos, Xavier$924303
=700  \\$4aut$aAristizabal, Henri$99158
=942  \\$cBOO
=952  \\$00$10$2ddc$40$6INS_3_000000000000000_1E_FR_CIT$70$8INS$95499$aORPH$bORPH$cKTS0$d2020-07-08$eKoopman$i45D35$oINS3.1e FR.CIT$p20127294$r2021-01-12 00:00:00$w2021-01-12$yBOO
=999  \\$d5499

