=LDR  01326aam a2200253   4500
=001  5501
=005  20250925143257.0
=008  230418s1977\\\\|||oa|||\||||\00|\0dger\d
=041  \\$ager
=100  \\$aArlt, Wulf$4aut$917364
=245  \\$aZur Idee und Geschichte eines "Lehr- und Forschungsinstituts für alte Musik":$bPaul Sacher als Gründer und Direktor der Schola Cantorum Baseliensis wie der Musik-Akademie der Stadt Basel
=260  \\$aZürich$bAtlantis$c1977
=300  \\$a[36] pages
=490  \\$aAlte und neue Musik$v2 
=590  \\$aarticle from "50 Jahre Basler Kammerorchester" , p. 37-93
=610  \0$1http://www.wikidata.org/entity/Q665530$aSchola Cantorum Basiliensis (Basel, Switzerland)$91393
=648  \0$1http://www.wikidata.org/entity/Q6927$a20th Century (1901-2000)$920936
=650  \0$aEarly music$1http://www.wikidata.org/entity/Q436016$93160
=650  \0$aHistorically informed performance$1http://www.wikidata.org/entity/Q1344860$920980
=650  \0$aMusic history$1http://www.wikidata.org/entity/Q846047$921373
=651  \0$1http://www.wikidata.org/entity/Q78$aBasel (Switzerland)$921311
=942  \\$cBOO
=952  \\$00$10$2ddc$40$6TOP_CH_BAS_7_000000000000000$70$8TOP$95501$aORPH$bORPH$cKTS0$d2020-07-08$eKoopman$i19C10$oTOP CH.BAS 7$p20127926$r2021-01-12 00:00:00$w2021-01-12$yBOO$OKoopman
=999  \\$d5501

