=LDR  01445aam a2200289   4500
=001  5507
=008  250211s1992\\\\|||g||||\||||\00|\edger\d
=020  \\$a9051833199
=100  \\$aBusch, Gudrun$1http://www.wikidata.org/entity/Q72936814$910033$4edt
=245  \\$aStudien zum Deutschen weltlichen kunstlied
=260  \\$c1992$aAmsterdam$bRodopi
=300  \\$a333 pages
=490  \\$aChloe,- Beihefte zum Daphnis$v12
=648  \0$a17th Century (1601-1700)$1http://www.wikidata.org/entity/Q7016$920923
=648  \0$a18th Century (1701-1800)$1http://www.wikidata.org/entity/Q7015$920899
=650  \0$aSong$1http://www.wikidata.org/entity/Q7366$94164
=650  \0$aVocal music$1http://www.wikidata.org/entity/Q685884$93319
=650  \0$aOpera$1http://www.wikidata.org/entity/Q1344 $92468
=650  \0$aAria$1http://www.wikidata.org/entity/Q178122$921592
=650  \0$aMusic history$1http://www.wikidata.org/entity/Q846047$921373
=650  \0$aLibretto$1http://www.wikidata.org/entity/Q131084$94031
=650  \0$aContrafactum$1http://www.wikidata.org/entity/Q1783270$922210
=651  \0$aGermany$1http://www.wikidata.org/entity/Q183$9155
=700  \\$aHarper, Anthony J.$d1938-2004$1http://www.wikidata.org/entity/Q112376863$4edt$939676
=942  \\$cBOO
=952  \\$00$10$2ddc$40$6TOP_DE_5_000000000000000$70$8TOP$95507$aORPH$bORPH$cKTS0$d2020-07-08$eKoopman$i23A25$l0$oTOP DE 5$p20128474$r2021-01-12 00:00:00$w2021-01-12$yBOO$OKoopman
=999  \\$d5507

