=LDR  01292cam a2200289 a 4500
=001  5508
=005  20250121142119.0
=008  861118s1986\\\\enkag\\\\b\\\\001\0\eng\\
=020  \\$a0947854010
=040  \\$aOI
=041  \\$aeng
=245  14$aThe Oratorio in Venice
=260  \\$aLondon$bRoyal Musical Association$c1986
=300  \\$avii-117 pages$billustrations, music$c25 cm
=490  \\$aRoyal Musical Association Monographs$v2
=504  \\$aIncludes bibliographical references and indexes.
=610  \0$aOspedale di Santa Maria dei Derelitti (Venice, Italy)$1http://www.wikidata.org/entity/Q3668820$923058
=648  \0$a17th Century (1601-1700)$1http://www.wikidata.org/entity/Q7016$920923
=648  \0$a18th Century (1701-1800)$1http://www.wikidata.org/entity/Q7015$920899
=650  \0$aOratorio$1http://www.wikidata.org/entity/Q85477$91825
=650  \0$aMusic history$1http://www.wikidata.org/entity/Q846047$921373
=651  \0$aVenice (Italy)$1http://www.wikidata.org/entity/Q641$91
=700  \\$aArnold, Denis$d1926-1986$4aut$918779
=700  \\$aArnold, Elsie$4aut$99170
=942  \\$cBOO
=952  \\$00$10$2ddc$40$6TOP_IT_VEN1_5_000000000000000$70$8TOP$95508$aORPH$bORPH$cKTS0$d2020-07-08$eKoopman$i20F22$oTOP IT.VEN1 5$p20128128$r2021-01-12 00:00:00$w2021-01-12$yBOO
=999  \\$d5508

