=LDR  00889aam a2200205   4500
=001  5509
=008  230817s1965\\\\||||||||\||||\00|\0beng\d
=041  \\$aeng
=100  \\$aArnold, Denis$d1926-1986$4aut$918779
=245  \\$aMarenzio
=260  \\$aOxford$bOxford University Press$c1965
=490  \\$aOxford Studies of Composers$v2
=600  \0$1http://www.wikidata.org/entity/Q316532$aMarenzio, Luca$d1553-1599$921689
=648  \0$1http://www.wikidata.org/entity/Q7017$a16th Century (1501-1600)$920944
=650  \0$1http://www.wikidata.org/entity/Q36834$aComposer$93625
=650  \0$1http://www.wikidata.org/entity/Q36279$aBiography$91927
=651  \0$1http://www.wikidata.org/entity/Q38$aItaly$922
=942  \\$cBOO
=952  \\$00$10$2ddc$40$6BIO_MARE_D$70$8BIO$95509$aORPH$bORPH$cKTS1_P$d2020-07-08$eKoopman$i31E39$l0$oBIO MARE d$p20123193$r2021-01-12 00:00:00$w2021-01-12$yBOO$OKoopman
=999  \\$d5509

