=LDR  01085cam a2200253 i 4500
=001  5510
=005  20250120120154.0
=008  771116s1979\\\\enkacfg\\b\\\\001\0beng\\
=015  \\$aGB79
=020  \\$a0193152320
=040  \\$aOI
=100  \\$aArnold, Denis$d1926-1986$918779
=245  00$aGiovanni Gabrieli and the Music of the Venetian High Renaissance
=260  \\$aLondon$aNew York$bOxford University Press$c1979
=300  \\$aviii-322 pages, [3] leaves of plates$billustrations, portraits, music$c25 cm
=500  \\$aIncludes indexes.
=504  \\$aBibliography: p. [304]-308.
=600  \0$aGabrieli, Giovanni$dc. 1554/57-1612$1http://www.wikidata.org/entity/Q34624$99172
=648  \0$aRenaissance (1400-1600)$1http://www.wikidata.org/entity/Q4692$920965
=650  \0$aComposer$1http://www.wikidata.org/entity/Q36834$93625
=651  \0$aItaly$1http://www.wikidata.org/entity/Q38$922
=942  \\$cBOO
=952  \\$00$10$2ddc$40$6BIO_GABR1_E$70$8BIO$95510$aORPH$bORPH$cKTS1_P$d2020-07-08$eKoopman$i32E06$oBIO GABR1 e$p20122862$r2021-01-12 00:00:00$w2021-01-12$yBOO$OKoopman
=999  \\$d5510

