=LDR  01245cam a22002774a 4500
=001  5511
=005  20250121142119.0
=008  011204s2002\\\\mdua\\\\\b\\\\001\0beng\\
=020  \\$a081084107X (alk. paper)
=040  \\$aOI
=041  \\$aeng
=245  10$aMaddalena Lombardini Sirmen:$bEighteenth-Century Composer, Violinist, and Businesswoman
=260  \\$aLanham, MD$bScarecrow Press$c2002
=300  \\$axvi-170 pages$billustrations$c23 cm
=504  \\$aIncludes bibliographical references (p. 161-162) and index.
=600  \0$aSirmen, Maddalena Laura$d1745-1818$1http://www.wikidata.org/entity/Q454061$99173
=648  \0$a18th Century (1701-1800)$1http://www.wikidata.org/entity/Q7015$920899
=650  \0$aComposer$1http://www.wikidata.org/entity/Q36834$93625
=650  \0$aViolinist$1http://www.wikidata.org/entity/Q1259917$93278
=650  \0$aFemale$1http://www.wikidata.org/entity/Q6581072$921764
=651  \0$aItaly$1http://www.wikidata.org/entity/Q38$922
=700  \\$aArnold, Elsie$4aut$99170
=700  \\$aBerdes, Jane L.$4aut$99174
=942  \\$cBOO
=952  \\$00$10$2ddc$40$6BIO_LOMB_D$70$8BIO$95511$aORPH$bORPH$cKTS1_P$d2020-07-08$eKoopman$i34B20$l0$oBIO LOMB d$p20122597$r2021-01-12 00:00:00$w2021-01-12$yBOO$OKoopman
=999  \\$d5511

