=LDR  01171    a2200169   4500
=001  5513
=005  20250120115935.0
=008  120104s2003\\\\\\\\\\\\\\\\\\\\\\0\e
=100  \\$aArnold, F. T.$4aut$99175
=245  \\$aThe art of accompaniment from a thorough-bass as practised in the XVIIth & XVIIIth centuries. $bVolume II
=260  \\$c1965$aNew York$bDover
=300  \\$a433 pages
=520  \\$aA solid grounding in musical techniques of the 17th and 18th centuries is essential to a complete understanding of Baroque music. This work is a comprehensive survey of the topic, covering every issue of significance to today's performers. The text features numerous musical examples, authoritative citations, scholarly interpretations and syntheses, and the author's own conclusions.
Show More 
Show Less
=942  \\$cBOO$2ddc
=952  \\$00$10$2ddc$40$6MTP_2_000000000000000_ARNO$70$8MTP$95513$aORPH$bORPH$cKM12_1$d2020-07-08$eKoopman$i30F43$l0$oMTP 2 ARNO$p20123290$r2021-01-12 00:00:00$w2021-01-12$yBOO
=952  \\$00$10$2ddc$40$6MTP_2_000000000000000_ARNO$70$8MTP$914057$aORPH$bORPH$cKM12_1$l0$oMTP 2 ARNO$p20134682$r2021-01-12 00:00:00$w2021-01-12$yBOO$d2020-07-08
=999  \\$c5513$d5513

