=LDR  01378cam a2200289 a 4500
=001  5514
=005  20250217162230.0
=008  851220s1980\\\\gw\a\\\\\b\\\\000\0\ger\\
=020  \\$a3883090026
=040  \\$aOI
=041  \\$ager
=100  \\$aArnold, Werner$d1944-$99176
=245  15$aEine norddeutsche Fürstenbibliothek des frühen 18. Jahrhunderts :$bHerzog Ludwig Rudolph von Braunschweig-Lüneburg (1671-1735) und seine Büchersammlung
=260  \\$aGöttingen$bBautz$c1980
=300  \\$a182 pages$bill.$c23 cm.
=490  \\$aArbeiten zur Geschichte des Buchwesens in Deutschland$v3
=504  \\$aBibliography: p. 168-182.
=600  \0$aLudwig Rudolph,$cDuke of Braunschweig-Lüneburg,$d1671-1735$99177
=610  \0$aHerzog August Bibliothek (Wolfenbüttel, Germany)$91683
=648  \0$a18th Century (1701-1800)$1http://www.wikidata.org/entity/Q7015$920899
=650  \0$aLibrary$1http://www.wikidata.org/entity/Q7075$94229
=650  \0$aCollecting$1http://www.wikidata.org/entity/Q208165$92117
=650  \0$aMusic history$1http://www.wikidata.org/entity/Q846047$921373
=651  \0$aWolfenbüttel (Germany)$1http://www.wikidata.org/entity/Q4122$923426
=942  \\$cBOO
=952  \\$00$10$2ddc$40$6BIB_4_000000000000000_DE_WOL$70$8BIB$95514$aORPH$bORPH$cKTS0$d2020-07-08$eKoopman$i41D02$l0$oBIB4 DE.WOL$p20120169$r2021-01-12 00:00:00$w2021-01-12$yBOO$OKoopman
=999  \\$d5514

