=LDR  00917nam a22002177i 4500
=001  5515
=003  OI
=005  20250120120940.0
=008  010928s1996\\\\it\||||||\\\\|||||\|||||c
=041  \7$aita
=100  \\$aArriva, Filippo$4edt$99178
=245  03$aIl conservatorio di musica San Pietro a Majella di Napoli
=260  \\$aRome$bEditalia$c1996
=300  \\$a141 pages$billustrations$c29 cm
=610  \0$aConservatorio San Pietro a Majella (Naples, Italy)$1http://www.wikidata.org/entity/Q368820$927332
=650  \0$aConservatory$1http://www.wikidata.org/entity/Q184644$926197
=650  \0$aMusic education$1http://www.wikidata.org/entity/Q27908$921766
=651  \0$aNaples (Italy)$1http://www.wikidata.org/entity/Q2634$921
=942  \\$cBOO
=952  \\$00$10$2ddc$40$6TOP_IT_NAP$70$8TOP$95515$aORPH$bORPH$cKTS0$d2020-07-08$eKoopman$i22A54$l0$oTOP IT.NAP$p20125583$r2021-01-12 00:00:00$w2021-01-12$yBOO$OKoopman
=999  \\$d5515

