=LDR  01470aam a2200277   4500
=001  5516
=005  20251028103653.0
=008  240117r19871789|||gh|||\||||\000\0\ger\d
=041  \\$ager$hita
=100  \\$aArteaga, Esteban de$d1747-1799$1http://www.wikidata.org/entity/Q3972360$96925
=245  \\$aGeschichte der italiänische Oper$bvon Ihren Ursprung an bis auf gegenwärtige Zeiten
=260  \\$aHildesheim$bOlms$c1973
=260  \\$aLeipzig$bSchwickert$c1789
=300  \\$a2 vols. in one (x-[ii]-344-iv-523 pages)$bfolded page
=500  \\$aFacsimile reprint of H1-052; for the first Italian edition, see 09J04
=534  \\$cBologna: Trento, 1783-88 (Italian); Leipzig: Schwickert, 1789 (German)
=648  \0$a18th Century (1701-1800)$1http://www.wikidata.org/entity/Q7015$920899
=650  \0$aMusic history$1http://www.wikidata.org/entity/Q846047$921373
=650  \0$aOpera$1http://www.wikidata.org/entity/Q1344 $92468
=650  \0$aMusic criticism$1http://www.wikidata.org/entity/Q11748889$921598
=651  \0$aItaly$1http://www.wikidata.org/entity/Q38$922
=700  \\$aForkel, Johann Nikolaus$d1749-1818$1http://www.wikidata.org/entity/Q57922$4trl$4ann$99221
=765  \\$aLe rivoluzioni del teatro musicale italiano dalla sua origine fino al presente
=942  \\$cBOO
=952  \\$00$10$2ddc$40$6TOP_IT_5_000000000000000$70$8TOP$95516$aORPH$bORPH$cKTS0$d2020-07-08$eKoopman$i20D46$l0$oTOP IT 5$p20125356$r2021-01-12 00:00:00$w2021-01-12$yBOO$OKoopman
=999  \\$d5516

