=LDR  00879aam a2200181   4500
=001  5517
=008  250331s1980\\\\|||a||||\||||\00|\0\ita\d
=041  \\$aita
=100  \\$aArtioli, N.$99180$4aut
=245  \\$aLa scultura romanica nella plebana di San Faustino di Rubiera
=260  \\$aReggio Emilia$bStudio Teologico Interdiocesano$c1980
=610  \0$aSanti Faustino e Giovita (Rubiera, Italy)$1http://www.wikidata.org/entity/Q25112683$939986
=648  \0$aMiddle Ages (500-1400)$1http://www.wikidata.org/entity/Q12554$920964
=650  \0$aSculpture$1http://www.wikidata.org/entity/Q860861$92483
=651  \0$aRubiera (Italy)$1http://www.wikidata.org/entity/Q111275$939989
=942  \\$cBOO
=952  \\$00$10$2ddc$40$6TOP_IT_RUB_3_000000000000000$70$8TOP$95517$aORPH$bORPH$cKTS0$d2020-07-08$eKoopman$i19D18$l0$oTOP IT.RUB 3$p20127855$r2021-01-12 00:00:00$w2021-01-12$yBOO$OKoopman
=999  \\$d5517

