=LDR  00370    a2200121   4500
=001  5518
=020  \\$a9074252303
=100  \\$aArtz, R.$99181
=245  \\$aHomeros Tekstboek
=260  \\$c1995
=942  \\$cBOO
=952  \\$00$10$2ddc$40$6LIT_HOME_A$70$8LIT$95518$aORPH$bORPH$cKM12_2_H$d2020-07-08$eKoopman$i28D27 1$oLIT HOME a$p20123582$r2021-01-12 00:00:00$w2021-01-12$yBOO
=999  \\$c5518$d5518

