=LDR  03141cam a2200409 a 4500
=001  5521
=005  20251003085456.0
=008  870416i19861996\\\\\\\\\c\\\\001\0\eng\|
=041  \\$aeng
=100  \\$aAshbee, Andrew$99183$4edt
=245  10$aRecords of English Court Music.
=260  \\$aSnodland$bAshbee$aBrookfield, VT$bAshgate$aAldershot$bScolar Press$c1986-96
=300  \\$a9 volumes (xviii-317+xvi-246+xvii-285+xix-258+xxi-333+xvi-268+xxiv-467+vi-238+xxiii-393 pages)
=500  \\$aIncludes indexes.
=590  \\$aCalendared and Edited
=648  \0$a15th Century (1401-1500)$1http://www.wikidata.org/entity/Q7018$921015
=648  \0$a16th Century (1501-1600)$1http://www.wikidata.org/entity/Q7017$920944
=648  \0$a17th Century (1601-1700)$1http://www.wikidata.org/entity/Q7016$920923
=648  \0$a18th Century (1701-1800)$1http://www.wikidata.org/entity/Q7015$920899
=650  \0$aMusic history$1http://www.wikidata.org/entity/Q846047$921373
=650  \0$aCatalogue$1http://www.wikidata.org/entity/Q2352616$1http://www.wikidata.org/entity/Q6941730$921484
=650  \0$aAlmanac$1http://www.wikidata.org/entity/Q171341$921366
=650  \0$aCourt$1http://www.wikidata.org/entity/Q1134237$922191
=650  \0$aCappella$1http://www.wikidata.org/entity/Q19902156$922910
=650  \0$aBookkeeping$1http://www.wikidata.org/entity/Q3707847$939368
=651  \0$aUnited Kingdom$1http://www.wikidata.org/entity/Q21$9273
=942  \\$cBOO
=952  \\$00$10$2ddc$3vol. 1: 1660-1685$40$6TOP_GB_5_000000000000000$70$8TOP$95521$aORPH$bORPH$cKTS0$d2020-07-08$eKoopman$i19C33$l0$oTOP GB 5$p20127897$r2021-01-12 00:00:00$w2021-01-12$yBOO
=952  \\$00$10$2ddc$3vol. 2: 1685-1714$40$6TOP_GB_5_000000000000000$70$8TOP$95522$aORPH$bORPH$cKTS0$d2020-07-08$eKoopman$i19C34$l0$oTOP GB 5$p20127896$r2021-01-12 00:00:00$w2021-01-12$yBOO
=952  \\$00$10$2ddc$3vol. 3: 1625-1649$40$6TOP_GB$70$8TOP$95523$aORPH$bORPH$cKTS0$d2020-07-08$eKoopman$i19C35$l0$oTOP GB$p20127895$r2021-01-12 00:00:00$w2021-01-12$yBOO
=952  \\$00$10$2ddc$3vol. 4: 1603-1625$40$6TOP_GB$70$8TOP$95524$aORPH$bORPH$cKTS0$d2020-07-08$eKoopman$i19C36$l0$oTOP GB$p20127894$r2021-01-12 00:00:00$w2021-01-12$yBOO
=952  \\$00$10$2ddc$3vol. 5: 1625-1714$40$6TOP_GB$70$8TOP$95525$aORPH$bORPH$cKTS0$d2020-07-08$eKoopman$i19C37$l0$oTOP GB$p20127893$r2021-01-12 00:00:00$w2021-01-12$yBOO
=952  \\$00$10$2ddc$3vol. 6: 1558-1603$40$6TOP_GB_4_000000000000000$70$8TOP$95526$aORPH$bORPH$cKTS0$d2020-07-08$eKoopman$i19C38$l0$oTOP GB 4$p20127892$r2021-01-12 00:00:00$w2021-01-12$yBOO
=952  \\$00$10$2ddc$3vol.7: 1485-1558$40$6TOP_GB_4_000000000000000$70$8TOP$95527$aORPH$bORPH$cKTS0$d2020-07-08$eKoopman$i19C39$l0$oTOP GB 4$p20127891$r2021-01-12 00:00:00$w2021-01-12$yBOO
=952  \\$00$10$2ddc$3vol. 8: 1485-1714$40$6TOP_GB_4_000000000000000$70$8TOP$95528$aORPH$bORPH$cKTS0$d2020-07-08$eKoopman$i19C40$l0$oTOP GB 4$p20127890$r2021-01-12 00:00:00$w2021-01-12$yBOO
=952  \\$00$10$2ddc$3vol. 9:  Index$40$6TOP_GB_4_000000000000000$70$8TOP$95529$aORPH$bORPH$cKTS0$d2020-07-08$eKoopman$i19C41$l0$oTOP GB 4$p20127889$r2021-01-12 00:00:00$w2021-01-12$yBOO
=999  \\$d5521

