=LDR  01211cam a2200253 a 4500
=001  5530
=008  870512s1981\\\\\\\\\\\\\\\\\\001\0deng\|
=041  \\$aeng
=100  \\$aAshbee, Andrew$4edt$4trc$4win$99183
=245  10$aLists of Payments to the King's Musick in the Reign of Charles II (1660-1685)$btranscribed and edited
=260  \\$aSnodland, Kent$bThe Author$c1981
=300  \\$axiv-129 pages
=500  \\$aIncludes index.
=600  \0$aCharles II$cKing of England, Ireland and Scotland$d1630-1685$1http://www.wikidata.org/entity/Q122553$921675
=610  \0$aKing's Musick (London, United Kingdom)$940848
=648  \0$a17th Century (1601-1700)$1http://www.wikidata.org/entity/Q7016$920923
=650  \0$aMusician$1http://www.wikidata.org/entity/Q639669$93574
=650  \0$aCourt$922191
=650  \0$aCappella$1http://www.wikidata.org/entity/Q19902156$922910
=650  \0$aSalary$1http://www.wikidata.org/entity/Q194489$922389
=651  \0$aUnited Kingdom$1http://www.wikidata.org/entity/Q21$9273
=942  \\$cBOO
=952  \\$00$10$2ddc$40$6TOP_GB_5_000000000000000$70$8TOP$95530$aORPH$bORPH$cKTS0$d2020-07-08$eKoopman$i19D08$l0$oTOP GB 5$p20127865$r2021-01-12 00:00:00$w2021-01-12$yBOO$OKoopman
=999  \\$d5530

