=LDR  00489    a2200133   4500
=001  5533
=005  20251014101532.0
=100  \\$aAsselbergs, A. J. M.$99187
=245  \\$aDr. Jan Pieter Heije of de kunst
=260  \\$c1966
=600  \0$aHeije, Jan Pieter$d1809-1876$1http://www.wikidata.org/entity/Q739242$94846
=942  \\$cBOO
=952  \\$00$10$2ddc$40$6BIO_HEIJ_D$70$8BIO$95533$aORPH$bORPH$cKTS1_P$d2020-07-08$eKoopman$i32F06$oBIO HEIJ d$p20123096$r2021-01-12 00:00:00$w2021-01-12$yBOO$OKoopman
=999  \\$d5533

