=LDR  00382    a2200121   4500
=001  5535
=020  \\$a9011910052
=100  \\$aAssenede, D. van$99189
=245  \\$aFloris ende Blancefloer
=260  \\$c1970
=942  \\$cBOO
=952  \\$00$10$2ddc$40$6LIT_ASSE_A$70$8LIT$95535$aORPH$bORPH$cKM12_2_H$d2020-07-08$eKoopman$i38D35$oLIT ASSE a$p20122370$r2021-01-12 00:00:00$w2021-01-12$yBOO
=999  \\$c5535$d5535

