=LDR  01915cam a2200325 a 4500
=001  5536
=005  20250120115936.0
=008  120316s2012\\\\fr\a\\\\\bc\\\000\0dfre\\
=020  \\$a9782070135165 (Gallimard)
=020  \\$a2070135160
=020  \\$a9788498443011 (Fundación MAPFRE)
=020  \\$a8498443016
=020  \\$a9788415253136 (TF Editores)
=020  \\$a8415253133
=040  \\$aOI
=041  \\$afre
=100  \\$aAtget, Eugène$d1857-1927$4pht$1http://www.wikidata.org/entity/Q322030$99190
=245  10$aParis
=260  \\$aParis$bGallimard$aMadrid$bFundación MAPFRE$aAlcobendas$bTF Editores$c2012
=300  \\$a344 pages$billustrations$c32 cm
=500  \\$a"Cet ouvrage accompagne l'exposition de photographies d'Eugène Atget présentée  ... Madrid, Fundación MAPFRE, 27 mai-27 août 2011; Rotterdam, Nederlands Fotomuseum, 24 septembre 2011-8 janvier 2012; Paris, Musée Carnavalet-Histoire de Paris, 18 avril-29 juillet 2012; Sydney, Art Gallery of New South Wales, 24 août-4 novembre 2012"--T.p. verso.
=504  \\$aIncludes bibliographical references (p. 343-344).
=505  00$tIntroduction /$rFrits Gierstberg, Carlos Gollonet, Françoise Reynaud --$tL'oeil de l'archéologue : Eugène Atget et les formes de la vieille ville /$rGuillaume Le Gall --$tÀ propos d'Atget /$rGeoff Dyer --$tLes Atget de Man Ray /$rThomas Michael Gunther --$tL'album de Man Ray --$tExposer Eugène Atget /$rAnne Cartier-Bresson et Marsha Sirven.
=648  \0$a19th Century (1801-1900)$1http://www.wikidata.org/entity/Q6955$920935
=650  \0$aPhotography$1http://www.wikidata.org/entity/Q11633$91982
=651  \0$aParis (France)$1http://www.wikidata.org/entity/Q90$9160
=700  \\$aArroyo Arce, Nadia$4edt$99192
=942  \\$cBOO
=952  \\$00$10$2ddc$40$6BIO_ATGE_A$70$8BIO$95536$aORPH$bORPH$cKTS1_P$d2020-07-08$eKoopman$i47B13$oBIO ATGE a$p20121500$r2021-01-12 00:00:00$w2021-01-12$yBOO
=999  \\$d5536

