=LDR  01034aam a2200217   4500
=001  5537
=008  250821s1980\\\\||||||||\m|||\00|\0\eng\d
=041  \\$aeng
=100  \\$aAtley, S.$99193$4aut
=245  \\$aThe Music for Dessus de Viole of Louis Heudelinne (fl. c. 1700-1710)
=260  \\$aVancouver$bUniversity of British Columbia$c1980
=500  \\$aPhD dissertation
=600  \0$aHeudelinne, Louis$dbefore 1680-after 1705$1http://www.wikidata.org/entity/Q1871723$941036
=648  \0$a18th Century (1701-1800)$1http://www.wikidata.org/entity/Q7015$920899
=650  \0$aViol$1http://www.wikidata.org/entity/Q40125$94621
=650  \0$aInstrumental music$1http://www.wikidata.org/entity/Q639197$92106
=650  \0$aViola da gamba$1http://www.wikidata.org/entity/Q51446928$93955
=651  \0$aFrance$1http://www.wikidata.org/entity/Q142$9131
=942  \\$cBOO
=952  \\$00$10$2ddc$40$6BIO_HEUD_E$70$8BIO$95537$aORPH$bORPH$cKTS1_P$d2020-07-08$eKoopman$i47B22$l0$oBIO HEUD e$p20121491$r2021-01-12 00:00:00$w2021-01-12$yDIS$OKoopman
=999  \\$d5537

