=LDR  00917aam a2200193   4500
=001  5540
=008  250116s1930\\\\|||fg|||\||||\00|\0dfre\d
=041  \\$afre
=100  \\$aAuda, Antoine$d1879-1964$1http://www.wikidata.org/entity/Q55771866$4aut$917470
=245  \\$aLa Musique et les Musiciens de l'ancien pays de Liège
=260  \\$c1930
=300  \\$a292-xix pages
=590  \\$aEssai bio-bibliographique sur la Musique Liégeoise depuis ses origines jusqu'à la fin de la Principauté (1800)
=648  \0$aPast$1http://www.wikidata.org/entity/Q192630$922196
=650  \0$aMusic history$1http://www.wikidata.org/entity/Q846047$921373
=651  \0$aLiège (Belgium)$1http://www.wikidata.org/entity/Q3992$9240
=942  \\$cBOO
=952  \\$00$10$2ddc$40$6TOP_BE_LIE_0_000000000000000$70$8TOP$95540$aORPH$bORPH$cKTS0$d2020-07-08$eKoopman$i19G8$l0$oTOP BE.LIE 0$p20125209$r2021-01-12 00:00:00$w2021-01-12$yBOO$OKoopman
=999  \\$d5540

