=LDR  00958aam a2200205   4500
=001  5541
=008  220617s1959\\\\||||||||\||||\00|\0\ger\d
=041  \\$ager
=100  \\$aAuerbach, C.$4aut$99197
=245  \\$aDie deutsche Clavichordkunst des 18. Jahrhunderts
=260  \\$aKassel$aBasel$bBärenreiter$c1959
=648  \0$a18th Century (1701-1800)$1http://www.wikidata.org/entity/Q7015$920899
=650  \0$aMusic history$1http://www.wikidata.org/entity/Q846047$921373
=650  \0$aMusical analysis$1http://www.wikidata.org/entity/Q1544924$92775
=650  \0$aClavichord$1http://www.wikidata.org/entity/Q191823$92126
=650  \0$aKeyboard music$1http://www.wikidata.org/entity/Q105715630$921412
=651  \0$aGermany$1http://www.wikidata.org/entity/Q183$9155
=942  \\$cBOO
=952  \\$00$10$2ddc$40$6INS_3_000000000000000_2D_AUER$70$8INS$95541$aORPH$bORPH$cKTS0$d2020-07-08$eKoopman$i21B06$oINS3.2d AUER$p20128374$r2021-01-12 00:00:00$w2021-01-12$yBOO
=999  \\$d5541

