=LDR  01230aam a2200241   4500
=001  5547
=008  250429s1969\\\\|||a||||\||||\00|\0\eng\d
=041  \\$aeng
=100  \\$aAvery, C.$99202$4aut
=245  \\$aThe Rood-Loft from Hertogenbosch
=260  \\$aLondon$bPhaidon$c1969
=500  \\$aReprint from the Victoria and Albert Museum Yearbook I
=600  \0$aNorenberch, Coenraed van$d1571-?$940110
=610  \0$aVictoria and Albert Museum (London, United Kingdom)$1http://www.wikidata.org/entity/Q213322$91594
=610  \0$aSint-Janskathedraal ('s-Hertogenbosch, Netherlands)$1http://www.wikidata.org/entity/Q2050553$925304
=648  \0$a17th Century (1601-1700)$1http://www.wikidata.org/entity/Q7016$920923
=650  \0$aChurch$1http://www.wikidata.org/entity/Q16970$93776
=650  \0$aArchitecture$1http://www.wikidata.org/entity/Q12271$93185
=650  \0$aInterior design$1http://www.wikidata.org/entity/Q179232$921367
=651  \0$a's-Hertogenbosch (Netherlands)$1http://www.wikidata.org/entity/Q2766547$982
=942  \\$cART
=952  \\$00$10$2ddc$40$6TOP_NL_HER_5_000000000000000$70$8TOP$95547$aORPH$bORPH$cKTS0$d2020-07-08$eKoopman$i31B19$l0$oTOP NL.HER 5$p20121112$r2021-01-12 00:00:00$w2021-01-12$yART$OKoopman
=999  \\$d5547

