=LDR  01261aam a2200253   4500
=001  5549
=005  20250926134853.0
=008  230224r20051984||||||||\||||\00|\0\ger\d
=041  \\$ager
=100  1\$aAxmacher, Elke$d1942-$4aut$1http://www.wikidata.org/entity/Q72940905$99204
=245  \\$aAus Liebe will mein Heyland sterben:$bUntersuchungen zum Wandel des Passionsverständnisses im frühen 18. Jahrhundert
=260  \\$aStuttgart$bCarus$c2005
=300  \\$a257 pages
=490  \\$aBeiträgen zur theologischen Bachforschung$v2
=600  \0$aBach, Johann Sebastian$d1685-1750$1http://www.wikidata.org/entity/Q1339$94766
=648  \0$a18th Century (1701-1800)$1http://www.wikidata.org/entity/Q7015$920899
=650  \0$aMusic history$1http://www.wikidata.org/entity/Q846047$921373
=650  \0$aTheology$1http://www.wikidata.org/entity/Q34178$93009
=650  \0$aLutheranism$1http://www.wikidata.org/entity/Q75809$923975
=650  \0$aPassion$1http://www.wikidata.org/entity/Q781815$92006
=651  \0$aGermany$1http://www.wikidata.org/entity/Q183$9155
=942  \\$cBOO
=952  \\$00$10$2ddc$40$6TOP_DE_5_000000000000000$70$8TOP$95549$aORPH$bORPH$cKTS0$d2020-07-08$eKoopman$i37B03$l0$oTOP DE 5$p20120611$r2021-01-12 00:00:00$w2021-01-12$yBOO$OKoopman
=999  \\$d5549

