=LDR  00406    a2200121   4500
=001  5550
=020  \\$a8400039025
=100  \\$aAyarra Jarne, Jose E.$99205
=245  \\$aSevilla en la vida y la obra del
=260  \\$c1981
=942  \\$cBOO
=952  \\$00$10$2ddc$40$6BIO_CORR_D$70$8BIO$95550$aORPH$bORPH$cKTS1_P$d2020-07-08$eKoopman$i21D23$l0$oBIO CORR d$p20128279$r2021-01-12 00:00:00$w2021-01-12$yBOO$OKoopman
=999  \\$c5550$d5550

