=LDR  01001aam a2200241   4500
=001  5551
=008  230331s2013\\\\||||||||\||||\00|\0\eng\d
=020  \\$a9788499841984
=041  \\$aeng
=100  \\$aAyats i Abeya, Jaume$4aut$99206
=245  \\$aThe Hauslaib Claviorgan in the Museu de la Música de Barcelona
=260  \\$aBarcelona $bUt-l$c2013
=300  \\$a70 pages
=490  \\$aDocumenta Universitaria
=600  \0$aHauslaib, Lorenz$925952
=610  20$aMuseu de la Música (Barcelona, Spain)$925950
=650  \0$aOrganology$1http://www.wikidata.org/entity/Q899293$921400
=650  \0$aOrgan$1http://www.wikidata.org/entity/Q1444$92810
=651  \0$aBarcelona (Spain)$1http://www.wikidata.org/entity/Q1492$925739
=710  2\$4ctb$aMuseu de la Música (Barcelona, Spain)$925950
=942  \\$cBOO
=952  \\$00$10$2ddc$40$6INS_3_100000000000000_B_HAUS$70$8INS$95551$aORPH$bORPH$cKTS0$d2020-07-08$eKoopman$i46F31$l0$oINS3.1 b HAUS$p20126887$r2021-01-12 00:00:00$w2021-01-12$yBOO$OKoopman
=999  \\$d5551

