=LDR  00815aam a2200193   4500
=001  5554
=005  20250922095449.0
=008  250922s1985\\\\||||||||\c|||\00|\0\por\d
=041  \\$apor
=100  \\$aAzevedo, J. de$99209$4aut
=245  \\$aBiblioteca do Palácio Nacional de Mafra:$bcatálogo dos fundos musicais
=260  \\$aLisbon$bLitografia Tejo$c1985
=610  \0$aPalácio Nacional de Mafra (Portugal)$1http://www.wikidata.org/entity/Q599223$941297
=650  \0$aPalace$1http://www.wikidata.org/entity/Q16560$92588
=650  \0$aLibrary$1http://www.wikidata.org/entity/Q7075$94229
=651  \0$aPortugal$1http://www.wikidata.org/entity/Q45$9136
=942  \\$cBOO
=952  \\$00$10$2ddc$40$70$8BIB$95554$aORPH$bORPH$cKTS0$d2020-07-08$eKoopman$i34A20$l0$p20122641$r2021-01-12 00:00:00$w2021-01-12$yBOO$OKoopman
=999  \\$d5554

