=LDR  00995cam a2200229 a 4500
=001  5555
=005  20211001102139.0
=008  920804s1991\\\\ne\abcg\\bk\\\001\0deng\\
=020  \\$a9063751516
=040  \\$aOI
=100  1\$aGriffioen, Ruth van Baak,$d1958-
=245  10$aJacob van Eyck's Der fluyten lust-hof :$b(1644-c1655) /$cRuth van Baak Griffioen.
=260  \\$aUtrecht :$bVereniging voor Nederlandse Muziekgeschiedenis,$c1991.
=300  \\$a467 pages$bill., map, ports., music, facsims. ;$c25 cm.
=490  1\$aMuziekhistorische monografieën ;$v13
=500  \\$aAbridgement of the author's dissertation (doctoral)--Stanford University, 1988.
=504  \\$aDiscography: p. 407-410.
=504  \\$aIncludes bibliographical references (p. 417-452) and index.
=600  10$aEyck, Jacob van.$tFluyten lust-hof.
=942  \\$cBOO
=952  \\$00$10$2ddc$40$6BIO_EYCK_E$70$8BIO$95555$aORPH$bORPH$cKTS1_P$d2020-07-08$eKoopman$i32D31$oBIO EYCK e$p20123114$r2021-01-12 00:00:00$w2021-01-12$yBOO
=999  \\$d5555

