=LDR  00878aam a2200193   4500
=001  5557
=008  250618s2006\\\\|||a||||\c|||\00|\0\dut\d
=020  \\$a9789040090172
=041  \\$adut
=245  \\$aNederlandse kunst in het Rijksmuseum$nvol. 3$p1700-1800
=260  \\$aAmsterdam$bRijksmuseum$c2006
=490  \\$aNederlandse kunst in het Rijksmuseum$v3
=648  \0$a18th Century (1701-1800)$1http://www.wikidata.org/entity/Q7015$920899
=650  \0$aFine art$1http://www.wikidata.org/entity/Q219625$921579
=651  \0$aNetherlands$1http://www.wikidata.org/entity/Q55$1http://www.wikidata.org/entity/Q29999$9173
=700  \\$1http://www.wikidata.org/entity/Q77085870$4aut$912054$aBaarsen, Reinier
=942  \\$cBOO
=952  \\$00$10$2ddc$40$6TOP_NL$70$8TOP$95557$aORPH$bORPH$cKTS0$d2020-07-08$eKoopman$i35F05$l0$oTOP NL$p20120687$r2021-01-12 00:00:00$w2021-01-12$yBOO$OKoopman
=999  \\$d5557

