=LDR  01451aam a2200265   4500
=001  5560
=005  20250925143257.0
=008  220201s1957\\\\|||g||||\||||\00|\0\eng\d
=041  \\$aeng
=100  \\$aBabitz, Sol$d1911-1982$1http://www.wikidata.org/entity/Q2298170$99213
=245  \\$aDifferences between 18th century and modern violin bowing
=260  \\$as.l.$bs.n.$c1957
=300  \\$a22 pages$bmusic examples
=500  \\$aSol Babitz dedicated this copy to Madame de Chambure (that is Genevieve Thibault de Chambure, a musicologist and collector of musical instruments).
=561  \\$aThe cover bears a handwritten dedication from the author "To Madame de Chambury from a grateful collaborator Paris Sept. 1961"
=561  \\$aEx libris Sol Babitz (ms name on front cover)
=590  \\$aReprinted from The Score and IMA Magazine, March 1957
=648  \0$a20th Century (1901-2000)$1http://www.wikidata.org/entity/Q6927$920936
=650  \0$aViolin$1http://www.wikidata.org/entity/Q8355$92783
=650  \0$aBowing$1http://www.wikidata.org/entity/Q56275020$923618
=650  \0$aHistorically informed performance$1http://www.wikidata.org/entity/Q1344860$920980
=651  \0$aUSA$1http://www.wikidata.org/entity/Q30$943
=942  \\$cBOO
=952  \\$00$10$2ddc$40$6KTS_1_000000000000000_C3_53_G1038$70$8RAR$95560$aORPH$bORPH$cKTS1_C3$d2020-07-08$eKoopman$i47C36$l1$oKTS1 C3.53 G1-038$p20123718$r2024-11-13 12:36:09$s2024-10-23$w2021-01-12$yBOO
=999  \\$d5560

