=LDR  01644aam a2200313   4500
=001  5561
=005  20250926134853.0
=008  231218n\\\\\\\\||||||||\||||\00|\fadut\d
=041  \\$adut$hger
=100  \\$aMeynell, Esther$d1878-1955$1http://www.wikidata.org/entity/Q20981478$4aut$912753
=245  \\$aDe kleine kroniek van Anna Magdalena Bach:$bechtgenoote van Johann Sebastian Bach
=260  \\$aAmersfoort$bMelchior$cs.d.
=300  \\$a224 pages
=534  \\$cLeipzig: Koehler & Amelang, 1930
=600  \0$aBach, Johann Sebastian$d1685-1750$1http://www.wikidata.org/entity/Q1339$94766
=600  \0$aBach, Anna Magdalena$d1701-1760$1http://www.wikidata.org/entity/Q57212$911721
=610  \0$aBach family$1http://www.wikidata.org/entity/Q169509$922324
=648  \0$a18th Century (1701-1800)$1http://www.wikidata.org/entity/Q7015$920899
=650  \0$aDiary$1http://www.wikidata.org/entity/Q185598$921711
=650  \0$aChronology$1http://www.wikidata.org/entity/Q130788$922826
=650  \0$aFemale$1http://www.wikidata.org/entity/Q6581072$921764
=650  \0$aNovel$1http://www.wikidata.org/entity/Q8261$921629
=651  \0$aLeipzig (Germany)$1http://www.wikidata.org/entity/Q2079$945
=700  \\$aWiessing-De Sterke, R.$4trl$925422
=765  \\$aDie kleine Chronik der Anna Magdalena Bach
=942  \\$cBOO
=952  \\$00$10$2ddc$40$6BIO_BACH4_A$70$8BIO$95561$aORPH$bORPH$cKTS1_P$d2020-07-08$eKoopman$i31D31$oBIO BACH4 a$p20121051$r2021-01-12 00:00:00$w2021-01-12$yBOO
=952  \\$00$10$2ddc$40$6BIO_BACH4_A$70$8BIO$99509$aORPH$bORPH$cKTS1_P$d2020-07-08$eThwaites$oBIO BACH4 a$p20130034$r2021-01-12 00:00:00$w2021-01-12$yBOO
=999  \\$d5561

