=LDR  01278aam a2200277   4500
=001  5562
=005  20250924094544.0
=008  230531s1934\\\\||||||||\||||\00|\fager\d
=041  \\$ager
=100  \\$aMeynell, Esther$d1878-1955$1http://www.wikidata.org/entity/Q20981478$4aut$912753
=245  \\$aDie kleine Chronik der Anna Magdalena Bach
=250  \\$a8th ed.
=260  \\$aLeipzig$bKoehler & Umelang$c1934
=300  \\$a330-[4] pages$billustrations, plates
=534  \\$aOriginally published in 1930
=561  \\$aEx libris Eduard van Beinum Stichting (stamp)
=600  \0$aBach, Anna Magdalena$d1701-1760$1http://www.wikidata.org/entity/Q57212$911721
=610  \0$1http://www.wikidata.org/entity/Q169509$aBach family$922324
=648  \0$1http://www.wikidata.org/entity/Q7015$a18th Century (1701-1800)$920899
=650  \0$1http://www.wikidata.org/entity/Q185598$aDiary$921711
=650  \0$aNovel$1http://www.wikidata.org/entity/Q8261$921629
=650  \0$1http://www.wikidata.org/entity/Q6581072$aFemale$921764
=651  \0$aLeipzig (Germany)$1http://www.wikidata.org/entity/Q2079$945
=942  \\$cBOO
=952  \\$00$10$2ddc$40$6BIO_BACH4_A$70$8BIO$95562$aORPH$bORPH$cKTS1_P$d2020-07-08$eKoopman$i31D32$oBIO BACH4 a$p20121050$r2021-01-12 00:00:00$w2021-01-12$yBOO
=999  \\$d5562

