=LDR  01528cam a2200313 a 4500
=001  5564
=005  20250926155314.0
=008  920929r19911773ne\cg\\\\\\\\\000\0ager\\
=020  \\$a9060276213
=020  \\$a9060276205 (wrappers)
=040  \\$aOI
=041  \\$ager
=100  \\$aBach, Carl Philipp Emanuel$d1714-1788$1http://www.wikidata.org/entity/Q76428$99218$4aut
=245  00$aAutobiography; Verzeichniß des musikalischen Nachlasses
=260  \\$aBuren$bKnuf$c1991
=300  \\$axix-198-209-142 pages$bportrait, music$c20 cm
=490  \\$aFacsimiles of early biographies$v4
=500  \\$aThe first work is from Carl Burney's "Tagebuch seiner musikalischen Reisen" (Hamburg: Bode, 1773), the second was originally published in Hamburg by G. F. Schniebes, 1790.
=590  \\$aAnnotations in English and German by William S. Newman
=648  \0$a18th Century (1701-1800)$1http://www.wikidata.org/entity/Q7015$920899
=650  \0$aComposer$1http://www.wikidata.org/entity/Q36834$93625
=650  \0$aBiography$1http://www.wikidata.org/entity/Q36279$91927
=651  \0$aGermany$1http://www.wikidata.org/entity/Q183$9155
=700  \\$aBurney, Charles$d1726-1814$1http://www.wikidata.org/entity/Q547002$910020$4aut
=700  \\$aNewman, William S.$99219$4edt
=740  0\$aVerzeichniss des musikalischen Nachlasses.
=942  \\$cBOO
=952  \\$00$10$2ddc$40$6BIO_BACH2_A$70$8BIO$95564$aORPH$bORPH$cKTS1_P$d2020-07-08$eKoopman$i20C7$l1$m1$oBIO BACH2 a$p20127939$r2023-05-25 00:00:00$s2023-05-25$w2021-01-12$yBOO
=999  \\$d5564

