=LDR  01589cam a2200325 a 4500
=001  5565
=005  20250926135308.0
=008  870612s1985\\\\gw\afh\\\b\\\\001\0\ger\\
=020  \\$a3795204704
=040  \\$aOI
=041  \\$ager
=100  \\$aBach, Carl Philipp Emanuel$d1714-1788$1http://www.wikidata.org/entity/Q76428$4crp$99218
=245  10$aBriefe von Carl Philipp Emanuel Bach an Johann Gottlob Immanuel Breitkopf und Johann Nikolaus Forkel
=260  \\$aTutzing$bSchneider$c1985
=300  \\$a605 pages, 19 pages of plates$billustrations, 19 facsimiles$c24 cm
=490  \\$aMainzer Studien zur Musikwissenschaft$v19
=500  \\$aIncludes two letters from Johanna Maria Bach to J. Breitkopf.
=500  \\$aIncludes indexes.
=504  \\$aBibliography: p. 601-603.
=590  \\$aherausgegeben und kommentiert von Ernst Suchalla
=648  \0$a18th Century (1701-1800)$1http://www.wikidata.org/entity/Q7015$920899
=650  \0$aComposer$1http://www.wikidata.org/entity/Q36834$93625
=650  \0$aPublishing$1http://www.wikidata.org/entity/Q3972943$93049
=651  \0$aHamburg (Germany)$1http://www.wikidata.org/entity/Q1055$921940
=700  \\$aBreitkopf, Johann Gottlob Immanuel$d1719-1794$1http://www.wikidata.org/entity/Q324653$4rcp$99220
=700  \\$aForkel, Johann Nikolaus$d1749-1818$1http://www.wikidata.org/entity/Q57922$4rcp$99221
=700  \\$aSuchalla, Ernst$4edt$99222
=942  \\$cBOO
=952  \\$00$10$40$6BIO_BACH2_A$70$8BIO$95565$aORPH$bORPH$cKTS1_P$d2020-07-08$eKoopman$i32C04$oBIO BACH2 a$p20122916$r2021-01-12 00:00:00$w2021-01-12$yBOO$OKoopman
=999  \\$d5565

