=LDR  01256cam a2200253 a 4500
=001  5567
=005  20250926135308.0
=008  950127s1994\\\\gw\agh\\\b\\\\001\0dger\\
=020  \\$a3525862717
=040  \\$aOI
=041  \\$ager
=100  \\$aBach, Carl Philipp Emanuel$d1714-1788$4aut$1http://www.wikidata.org/entity/Q76428$99218
=245  10$aBriefe und Dokumente:$bkritische Gesamtausgabe
=260  \\$aGöttingen$bVandenhoeck & Ruprecht$c1994
=300  \\$a2 v. (xli, 1768 p.) :$bill., music, facsims. ;$c25 cm.
=490  \\$aVeröffentlichung der Joachim Jungius-Gesellschaft der Wissenschaften Hamburg$v80
=504  \\$aIncludes bibliographical references (p. 1748-1762) and indexes.
=650  \0$aComposer$1http://www.wikidata.org/entity/Q36834$93625
=700  \\$aSuchalla, Ernst$4edt$eEditor$99222
=942  \\$cBOO
=952  \\$00$10$3band 1$40$6BIO_BACH2_A$70$8BIO$95566$aORPH$bORPH$cKTS1_P$d2020-07-08$eKoopman$i38B23_1$oBIO BACH2 a$p20120452$r2021-01-12 00:00:00$w2021-01-12$yBOO$OKoopman
=952  \\$00$10$3band 2$40$6BIO_BACH2_A$70$8BIO$95567$aORPH$bORPH$cKTS1_P$d2020-07-08$eKoopman$i38B23_2$oBIO BACH2 a$p20120451$r2021-01-12 00:00:00$w2021-01-12$yBOO$OKoopman
=999  \\$c5567$d5567
=651  \0$aGermany$1http://www.wikidata.org/entity/Q183$9155

