=LDR  02246cam a2200397 a 4500
=001  5569
=005  20250926135308.0
=008  130910s2011\\\\caugh\\\\\\\\\001\0\ger\d
=020  \\$a9781933280424 (set)
=020  \\$a1933280425 (set)
=040  \\$aOI
=041  0\$ager$geng
=100  \\$aBach, Carl Philipp Emanuel$d1714-1788$4aut$1http://www.wikidata.org/entity/Q76428$99218
=245  10$aVersuch über die wahre Art das Clavier zu spielen
=260  \\$aLos Altos, CA$bPackard Humanities Institute$c2011
=300  \\$a3 vols. (338+161+99 pages)$bmusic, facsimiles$c25 cm
=490  1\$aComplete Works, Series VII$v1-3
=504  \\$aIncludes bibliographical references.
=505  0\$gVersuch über die wahre Art das Clavier zu spielen I -- Versuch über die wahre Art das Clavier zu spielen II -- Commentary to the Versuch.
=546  \\$aIn German; commentary volume in English.
=648  \0$a18th Century (1701-1800)$1http://www.wikidata.org/entity/Q7015$920899
=650  \0$aMethod$1http://www.wikidata.org/entity/Q2250960$921402
=650  \0$aKeyboard instrument$1http://www.wikidata.org/entity/Q52954$92849
=650  \0$aKeyboard music$1http://www.wikidata.org/entity/Q105715630$921412
=650  \0$aFingering$1http://www.wikidata.org/entity/Q608487$921861
=650  \0$aOrnamentation$1http://www.wikidata.org/entity/Q739589$922524
=650  \0$aBasso continuo$1http://www.wikidata.org/entity/Q724321$921065
=650  \0$aAccompaniment$1http://www.wikidata.org/entity/Q504514$92918
=650  \0$aImprovisation$1http://www.wikidata.org/entity/Q1049625$93640
=651  \0$aGermany$1http://www.wikidata.org/entity/Q183$9155
=700  \\$4edt$aPlebuch, Tobias$d-1965$99225
=942  \\$cBOO
=952  \\$00$10$2ddc$3Vol. 1: Versuch I$40$6INS_3C$70$8INS$95568$aORPH$bORPH$cKTS0$d2020-07-08$eKoopman$i42C01$oINS3c$p20122082$r2021-01-12 00:00:00$w2021-01-12$yBOO
=952  \\$00$10$2ddc$3Vol. 2: Versuch II$40$6INS_3C$70$8INS$95569$aORPH$bORPH$cKTS0$d2020-07-08$eKoopman$i42C01$oINS3c$p20122083$r2021-01-12 00:00:00$w2021-01-12$yBOO
=952  \\$00$10$2ddc$3Vol. 3: Commentary to the Versuch$40$6INS_3C$70$8INS$910153$aORPH$bORPH$cKTS0$d2020-07-08$eKoopman$i42C01$oINS3c$p20122080$r2021-01-12 00:00:00$w2021-01-12$yBOO
=999  \\$d5569

