=LDR  02409ccm a2200385 a 4500
=001  5637
=005  20250926135309.0
=008  100310s2009\\\\caupma|\\bdhi\\n\\|\ger\d
=020  \\$a1933280220
=020  \\$a9781933280226
=040  \\$aOI
=041  0\$ager$eger$geng
=100  \\$4cmp$4arr$aBach, Carl Philipp Emanuel$d1714-1788$1http://www.wikidata.org/entity/Q76428$99218
=245  10$aPassion according to St. Luke (1771)
=260  \\$aLos Altos, CA$bPackard Humanities Institute$c2009
=300  \\$axxiii-132 pages$bfacsimiles$c33 cm
=490  1\$aThe Complete Works$vser. 4, v. 6.1
=500  \\$aFor soloists (STB), SATB chorus and orchestra; pasticcio compiled by C.P.E. Bach based on the gospel narrative and 4 chorales from Telemann's 1760 St. Luke Passion, with additional material from a cantata by G. Benda, a Passion by G.H. Stölzel, and the St. Mark Passion by G.A. Homilius.
=500  \\$aIssued in cooperation with the Bach-Archiv Leipzig, the Sächsische Akademie der Wissenschaften zu Leipzig, and Harvard University.
=500  \\$aIncludes pref. and critical report in English.
=504  \\$aIncludes bibliographical references.
=546  \\$aGerman words, also printed as text, p. xix-xxiii.
=590  \\$aCarl Philipp Emanuel Bach ; based on a setting by Georg Philipp Telemann ; incorporating music by Georg Anton Benda, Gottfried Heinrich Stölzel, and Gottfried August Homilius ; edited by Daniel R. Melamed.
=648  \0$a18th Century (1701-1800)$1http://www.wikidata.org/entity/Q7015$920899
=650  \0$aPassion$1http://www.wikidata.org/entity/Q781815$92006
=650  \0$aOratorio$1http://www.wikidata.org/entity/Q85477$91825
=651  \0$aHamburg (Germany)$1http://www.wikidata.org/entity/Q1055$921940
=700  \\$aTelemann, Georg Philipp$d1681-1767$4cmp$1http://www.wikidata.org/entity/Q75854$99287
=700  \\$aBenda, Jiři Antonín$d1722-1795$4cmp$1http://www.wikidata.org/entity/Q213535$95354
=700  \\$aStölzel, Gottfried Heinrich$d1690-1749$4cmp$1http://www.wikidata.org/entity/Q27600199$97024
=700  \\$aHomilius, Gottfried August$d1714-1785$4cmp$1http://www.wikidata.org/entity/Q451484$99273
=700  1\$aMelamed, Daniel R.$4edt
=942  \\$cSCO
=952  \\$00$10$2ddc$40$6SCO_BACH2$70$8SCO$95637$aORPH$bORPH$cKTS1_P$d2020-07-08$eKoopman$iW.2138-IV: 6.1$l0$oSCO BACH2$p20124118$r2021-01-12 00:00:00$w2021-01-12$ySCO$OW.2138-IV: 6.1
=999  \\$d5637

