=LDR  00766ccm a2200193 i 4500
=001  5643
=005  20250926135309.0
=008  131023s2013\\\\\\\\\a\\\b\\\\001\0\mul\c
=020  \\$z9781938325311
=040  \\$aOI
=041  \\$ager$dlat
=100  \\$4cmp$aBach, Carl Philipp Emanuel$d1714-1788$1http://www.wikidata.org/entity/Q76428$99218
=245  \\$aMagnificat
=648  \0$a18th Century (1701-1800)$1http://www.wikidata.org/entity/Q7015$920899
=650  \0$aMagnificat$1http://www.wikidata.org/entity/Q200809$92021
=651  \0$aGermany$1http://www.wikidata.org/entity/Q183$9155
=942  \\$cSCO
=952  \\$00$10$2ddc$40$6SCO_BACH2$70$8SCO$95643$aORPH$bORPH$cKTS1_P$d2020-07-08$eKoopman$iW.2138-V-Suppl$oSCO BACH2$p20124098$r2021-01-12 00:00:00$w2021-01-12$ySCO
=999  \\$d5643

