=LDR  04228ccm a2200589 i 4500
=001  5656
=005  20250926135309.0
=008  190501t20162016caumol|\\dhi\\\n\\|\ger\d
=010  \\$a  2018564601
=016  7\$a018508114$2Uk
=020  \\$a9781933280493
=020  \\$a1933280492
=024  30$a9781933280493
=035  \\$a(OCoLC)ocn966444925
=035  \\$a(OCoLC)966444925$z(OCoLC)966521223$z(OCoLC)966575988$z(OCoLC)967072343
=040  \\$aHMU$beng$erda$cHMU$dHMU$dENG$dHMU$dYDX$dOCLCF$dKSU$dTDF$dBOS$dOCLCA$dUKMGB$dOCLCQ$dXFF$dDLC
=041  0\$ager$alat$eger$elat$geng
=100  \\$aBach, Carl Philipp Emanuel$d1714-1788$4cmp$1http://www.wikidata.org/entity/Q76428$99218
=245  10$aMiscellaneous Sacred Works$nI
=264  \1$aLos Altos, CA$bPackard Humanities Institute$c2016
=300  \\$a1 score (xxvii, 169 pages, 10 pages of plates) :$bfacsimiles ;$c33 cm
=336  \\$anotated music$bntm$2rdacontent
=337  \\$aunmediated$bn$2rdamedia
=338  \\$avolume$bnc$2rdacarrier
=382  01$balto voice$n1$amixed chorus$vSATB, double chorus$aorchestra$2lcmpt
=382  01$amixed chorus$vSATB$aorchestra$2lcmpt
=382  01$amixed chorus$vSATB$astring orchestra$2lcmpt
=382  01$asoprano voice$n1$aalto voice$n1$atenor voice$n1$abass voice ̈$n1$s4$2lcmpt
=382  01$amixed chorus$2lcmpt
=382  01$asoprano voice$n2$abass voice$n1$acontinuo$2lcmpt
=382  01$asoprano voice$n1$aalto voice$n1$atenor voice$n1$abass voice$n1$acontinuo$2lcmpt
=382  01$asoprano voice$n1$aalto voice$n1$abass voice$n1$acontinuo$2lcmpt
=382  01$asoprano voice$n1$aalto voice$acontinuo$2lcmpt
=383  \\$cH. 778$cH. 827$cH. 828$cH. 830$cH. 831$cH. 232$cH. 835$cH. 840$cH. 825$cH. 826$cH. 773$cH. 774$dHelm$2mlati
=490  1\$aThe Complete Works. Series V, Choral music:$v6.1
=500  \\$a1st work for alto solo, double mixed chorus (SATB) and orchestra; 2nd-5th works for mixed chorus (SATB) and orchestra; 6th work for mixed chorus (SATB) and string orchestra; 7th, 13th work for unaccompanied chorus or four solo voices (SATB); 8th work for 2 soprano and bass voices with continuo; 9th and 12th works for soprano, alto, and bass voices with continuo; 10th and 11th works for soprano, alto, tenor, and bass voices with continuo; 14th work for soprano and alto voices with continuo.
=500  \\$aMerkt und seht, H. 838 "survives only as a fragment in a sketch-like composing score in Bach's late handwriting... it is uncertain whether the fragment represents an original composition by Bach or an arrangement of a foreign work. An attribution on the score in an unknown hand reads: 'Bachische Passion nach dem Lucas'"--page xix.
=500  \\$aFigured bass unrealized.
=500  \\$aIncludes preface and introduction in English.
=505  00$gHeilig mit zwei Chören und einer Ariette zur Einleitung, Wq 217.$tEinleitung --$tHeilig --$gChoruses.$tEinchöriges Heilig Wq 218 --$tSanctus, Wq 219 --$tMein Heiland, meine Zuversicht, Wq 221 --$tWer ist so würdig als du, Wq 222 --$tZeige du mir deine Wege, Wq 223 --$tLeite mich nach deinem Willen, Wq 227 --$tAmen, Wq 210 ;$gMotets.$tVeni, Sancte Spiritus, Wq 207 --$tTrost der Erlösung, Wq 208/1 --$tDer Kampt der Tugend, Wq 208/2 --$tBitten, Wq 208/3 --$tMenschenliebe Jesu, Wq 208/4 --$tDer 2. Psalm, Wq 205 --$tDer 4. Psalm, Wq 206 --$tWirf dein Anliegen auf den Herrn, H 841 (lost) --$tAbbreviations --$gCritial report.$gHeilig mit zwei Chören und einer Ariette zur Einleitung, Wq 217.$tSources --$tCommentary.
=546  \\$aGerman and Latin words, also printed separately as text preceding score.
=546  \\$bStaff notation.
=648  \0$a18th Century (1701-1800)$1http://www.wikidata.org/entity/Q7015$920899
=650  \0$aMotet$1http://www.wikidata.org/entity/Q188285$92028
=650  \0$aMusical sketch$92029
=650  \0$aChurch music$1http://www.wikidata.org/entity/Q8812109$92283
=651  \0$aGermany$1http://www.wikidata.org/entity/Q183$9155
=700  \\$aCorneilson, Paul E.$4dto$99288
=700  \\$aHarasim, Clemens$d-1974$4edt$99297
=942  \\$cSCO
=952  \\$00$10$40$70$8SCO$95656$aORPH$bORPH$cKTS1_P$d2020-07-08$eKoopman$p20124100$r2021-01-12 00:00:00$w2021-01-12$ySCO$OW.2138-V:6.1
=999  \\$c5656$d5656

