=LDR  00418    a2200133   4500
=001  5666
=005  20250926135349.0
=020  \\$a9789029707701
=100  \\$aBach, Govert Jan$d1947-$99314
=245  \\$aDoe uzelf geen kwaad
=260  \\$c1984
=942  \\$cBOO
=952  \\$00$10$2ddc$40$6PHI_BACH_A$70$8PHI$95666$aORPH$bORPH$cKM12_3_2$d2020-07-08$eKoopman$i23E11$oPHI BACH a$p20128944$r2021-01-12 00:00:00$w2021-01-12$yBOO
=999  \\$c5666$d5666

