=LDR  00928acm a2200193   4500
=001  5670
=008  210308s1959\\\\be\|||||\||||\00|\0\ger\d
=041  \\$ager
=100  \\$aBach, Johann Christoph Friedrich$d1732-1795$4cmp$1http://www.wikidata.org/entity/Q57225$99316
=245  \\$aDie Auferweckung Lazarus (1773)
=260  \\$aWiesbaden$bBreitkopf & Härtel$aGraz$bAkademische Druck- und Verlagsanstalt$c1959
=490  \\$aDenkmäler deutscher Tonkunst$v56
=650  \0$aOratorio$1http://www.wikidata.org/entity/Q85477$91825
=650  \0$aNew Testament$1http://www.wikidata.org/entity/Q18813$924596
=651  \0$aGermany$1http://www.wikidata.org/entity/Q183$9155
=700  \\$4edt$aSchünemann, Georg$d1884-1945$eEditor$1http://www.wikidata.org/entity/Q121675$910717
=942  \\$cSCO
=952  \\$00$10$2ddc$40$70$8SCO$95670$aORPH$bORPH$cKTS1_P$d2020-07-08$eKoopman$iWG.0013-56$l0$p20121560$r2021-01-12 00:00:00$w2021-01-12$ySCO
=999  \\$d5670

