=LDR  01485aam a2200301   4500
=001  5678
=005  20250926134853.0
=008  250211s1977\\\\||||||||\||||\00|\0dger\d
=041  \\$ager
=245  \\$aDas Bachdenkmal in Eisenach, Die Bachdenkmäler in Leipzig, Die Bachbüste von Georg Kolbe
=246  \1$aJohann Sebastian Bach.$bLebendiges Erbe
=260  \\$aLeipzig$bJohann-Sebastian-Bach-Komitee der DDR$c1977
=490  \\$aBeiträge zur Bachpflege der DDR$v6
=600  \0$aBach, Johann Sebastian$d1685-1750$1http://www.wikidata.org/entity/Q1339$94766
=648  \0$a18th Century (1701-1800)$1http://www.wikidata.org/entity/Q7015$920899
=648  \0$a19th Century (1801-1900)$1http://www.wikidata.org/entity/Q6955$920935
=648  \0$a20th Century (1901-2000)$1http://www.wikidata.org/entity/Q6927$920936
=650  \0$aComposer$1http://www.wikidata.org/entity/Q36834$93625
=650  \0$aLegacy$1http://www.wikidata.org/entity/Q623282$922131
=650  \0$aSculpture$1http://www.wikidata.org/entity/Q860861$92483
=651  \0$aEisenach (Germany)$1http://www.wikidata.org/entity/Q7070$922310
=651  \0$aLeipzig (Germany)$1http://www.wikidata.org/entity/Q2079$945
=700  \\$aRudloff, H.$4aut$939679
=700  \\$aRothe, H. J.$4aut$939680
=700  \\$aWehnert, M.$4aut$939681
=942  \\$cBOO
=952  \\$00$10$2ddc$40$6BIO_BACH1_E$70$8BIO$95677$aORPH$bORPH$cKTS1_P$d2020-07-08$eKoopman$i19F03$oBIO BACH1 e$p20125270$r2021-01-12 00:00:00$w2021-01-12$yBOO$OKoopman
=999  \\$d5678

