=LDR  00983aam a2200205   4500
=001  5679
=005  20250926134853.0
=008  240703s1972\\\\||||||||\||||\00|\0\ger\d
=041  \\$ager
=100  \\$aBach, Johann Sebastian$d1685-1750$1http://www.wikidata.org/entity/Q1339$94766
=245  \\$aJohann Sebastian Bachs Unterschriften
=260  \\$c1972$aLeipzig$bVEB Messedruck
=300  \\$a50 pages
=500  \\$aThis small volume contains a total of 36 facsimile signatures (sometimes with further handwritten additions) by Johann Sebastian Bach.
=650  \0$aManuscript$1http://www.wikidata.org/entity/Q87167$92275
=700  \\$aNeumann, Werner$d1905-1991$1http://www.wikidata.org/entity/Q99260$4win$921849
=710  \\$aBach-Archiv Leipzig (Germany)$1http://www.wikidata.org/entity/Q798038$91212
=942  \\$cBOO
=952  \\$00$10$40$6BIO_BACH1_E$70$8BIO$95678$aORPH$bORPH$cKTS1_P$d2020-07-08$eKoopman$i20D40$oBIO BACH1 e$p20125303$r2021-01-12 00:00:00$w2021-01-12$yBOO$OKoopman
=999  \\$d5679

