=LDR  00997aam a2200241   4500
=001  5680
=005  20251028091808.0
=008  210712e1769\\\\\\\||nn|\||||\00|\0\ger\d
=040  \\$aMB
=041  \\$ager
=100  \\$aBach, Johann Sebastian$d1685-1750$4cmp$1http://www.wikidata.org/entity/Q1339$94766
=245  \\$aKritisches Bericht: Kanons Musikalisches Opfer
=260  \\$c1976$aGermany$bBärenreiter
=300  \\$a171 pages$bmusic
=336  \\$aprinted
=490  \\$aNeue Ausgabe Sämtlicher Werke$vSerie VIII: 1
=648  \0$a18th Century (1701-1800)$1http://www.wikidata.org/entity/Q7015$920899
=650  \0$aLute$1http://www.wikidata.org/entity/Q180733$93944
=651  \0$aGermany$1http://www.wikidata.org/entity/Q183$9155
=700  \\$4edt$aWolff, Christoph$d1940-$1http://www.wikidata.org/entity/Q66488$910387
=942  \\$cSCO
=952  \\$00$10$2ddc$40$6SCO_BACH1$70$8MTP$95679$aORPH$bORPH$cKTS1_P$d2020-07-08$eKoopman$i29A01$l0$oSCO BACH1$p20123485$r2021-01-12 00:00:00$yTYPE_UNK
=999  \\$d5680

