=LDR  01109acm a2200229   4500
=001  5681
=005  20250926134853.0
=008  230203s1972\\\\|||||l||\||||\00|\0\fre\d
=041  \\$afre
=100  \\$aBach, Johann Sebastian$d1685-1750$4cmp$1http://www.wikidata.org/entity/Q1339$94766
=240  \\$aDie Kunst der Fuge, BWV 1080
=245  \\$aL'Art de la fugue :$bEdition critique et analytique selon le plan restitué
=260  \\$aParis$bLeduc$c1972
=490  \\$aAu-delà des notes, collection d'explications de textes musicaux$v1bis
=648  \0$a18th Century (1701-1800)$1http://www.wikidata.org/entity/Q7015$920899
=650  \0$aKunst der Fuge$1http://www.wikidata.org/entity/Q465878$923640
=650  \0$aFugue$1http://www.wikidata.org/entity/Q181014$93142
=651  \0$aGermany$1http://www.wikidata.org/entity/Q183$9155
=700  \\$4edt$aChailley, Jacques$d1911-1999$1http://www.wikidata.org/entity/Q1677932$915850
=942  \\$cBOO
=952  \\$00$10$40$6BIO_BACH1_E$70$8BIO$95680$aORPH$bORPH$cKTS1_P$d2020-07-08$eKoopman$i29C25$oBIO BACH1 e$p20123459$r2021-01-12 00:00:00$w2021-01-12$yBOO$OKoopman
=999  \\$d5681

