=LDR  01301aam a2200265   4500
=001  5682
=005  20250926134853.0
=008  250204b1956\\\\||||||||\||||\00|\d\ger\d
=041  \\$ager
=100  \\$aNeumann, Werner$d1905-1991$1http://www.wikidata.org/entity/Q99260$921849$4edt
=245  \\$aJohann Sebastian Bach:$bSämtliche Kantatentexte
=260  \\$aLeipzig$bBreitkopf & Härtel$c1956
=300  \\$axxiv-634 pages
=504  \\$aIncludes indices
=590  \\$aUnter Mitbenutzung von Rudolf Wustmanns Ausgabe der Bachsen Kirchenkantatentexte
=600  \0$aBach, Johann Sebastian$d1685-1750$1http://www.wikidata.org/entity/Q1339$94766
=648  \0$a18th Century (1701-1800)$1http://www.wikidata.org/entity/Q7015$920899
=650  \0$aCantata$1http://www.wikidata.org/entity/Q174873$921603
=650  \0$aText$1http://www.wikidata.org/entity/Q234460$94267
=650  \0$aLutheranism$1http://www.wikidata.org/entity/Q75809$923975
=651  \0$aGermany$1http://www.wikidata.org/entity/Q183$9155
=700  \\$aWustmann, Rudolf$d1872-1916$1http://www.wikidata.org/entity/Q2174152$4asn$939632
=942  \\$cBOO
=952  \\$00$10$2ddc$40$6BIO_BACH1_B$70$8BIO$95681$aORPH$bORPH$cKTS1_P$d2020-07-08$eKoopman$i29E10$l3$oBIO BACH1 b$p20121285$r2021-02-23 00:00:00$s2021-02-23$w2021-01-12$yBOO$OKoopman
=999  \\$d5682

