=LDR  00987    a2200265   4500
=001  5694
=005  20250926134854.0
=008  210716e1976\\\\\\\||ld|\||||\00|\0\ger\d
=020  \\$a0486232689
=040  \\$aMB
=041  \\$ager
=059  \\$aSATB 2vn 2va bc
=100  \\$aBach, Johann Sebastian$d1685-1750$4cmp$1http://www.wikidata.org/entity/Q1339$94766
=245  \\$aEleven Great Cantatas
=260  \\$c1976$aNew York$bDover Publications
=300  \\$a350 pages$bmusic
=336  \\$aprinted
=336  \\$anotated music
=648  \0$a18th Century (1701-1800)$1http://www.wikidata.org/entity/Q7015$920899
=650  \0$aLute$1http://www.wikidata.org/entity/Q180733$93944
=650  \0$aCantata$1http://www.wikidata.org/entity/Q174873$921603
=651  \0$aGermany$1http://www.wikidata.org/entity/Q183$9155
=942  \\$cSCO
=952  \\$00$10$2ddc$40$6SCO_BACH1$70$8SCO$95693$aORPH$bORPH$cKTS1_P$d2020-07-08$eKoopman$iW.773$l0$oSCO BACH1$p20121637$r2021-01-12 00:00:00$ySCO
=999  \\$c5694$d5694

