=LDR  01157    a2200277   4500
=001  5696
=005  20250926134854.0
=008  210706e1955\\\\\\\||ld|\||||\00|\0\ger\d
=040  \\$aMB
=041  \\$ager
=059  \\$atpt 2ob bn 2vn va SATB bc
=100  \\$aBach, Johann Sebastian$d1685-1750$4cmp$1http://www.wikidata.org/entity/Q1339$94766
=245  \\$aKantaten zum 2. und 3. Ostertag
=260  \\$c1955$aGermany$bBärenreiter
=300  \\$a2 vols. ([vi]-148-[1]+173 pages)$bmusic
=336  \\$anotated music
=336  \\$aprinted
=490  \\$aNeue Ausgabe Sämtlicher Werke$vSerie I: Kantaten 10
=648  \0$a18th Century (1701-1800)$1http://www.wikidata.org/entity/Q7015$920899
=650  \0$aLute$1http://www.wikidata.org/entity/Q180733$93944
=650  \0$aCantata$1http://www.wikidata.org/entity/Q174873$921603
=651  \0$aGermany$1http://www.wikidata.org/entity/Q183$9155
=700  \\$4edt$aDürr, Alfred$d1918-2011$1http://www.wikidata.org/entity/Q84411$910643
=942  \\$cSCO
=952  \\$00$10$2ddc$40$6SCO_BACH1$70$8SCO$95695$aORPH$bORPH$cKTS1_P$d2020-07-08$eKoopman$iW.991$l0$oSCO BACH1$p20123948$r2021-01-12 00:00:00$ySCO
=999  \\$c5696$d5696

