=LDR  01158acm a2200253   4500
=001  5697
=005  20250926134854.0
=008  210706e1988\\\\\\\||ld|\||||\00|\0\ger\d
=040  \\$aOI
=041  \\$ager
=059  \\$ahn fl 2ob 2vn va SABT bc
=100  \\$aBach, Johann Sebastian$d1685-1750$4cmp$1http://www.wikidata.org/entity/Q1339$94766
=245  \\$aKantaten zu den Sonntagen Quasimodogeniti und Misercordias Domini
=260  \\$aGermany$bVEB Deutscher Verlag für Musik Leipzig$c1988
=300  \\$a2 vols. (xii-219-[1]+194 pages)$bmusic
=490  \\$aNeue Ausgabe Sämtlicher Werke$vSerie I: Kantaten 11.1
=648  \0$a18th Century (1701-1800)$1http://www.wikidata.org/entity/Q7015$920899
=650  \0$aLute$1http://www.wikidata.org/entity/Q180733$93944
=650  \0$aCantata$1http://www.wikidata.org/entity/Q174873$921603
=651  \0$aGermany$1http://www.wikidata.org/entity/Q183$9155
=700  \\$4edt$aEmans, Reinmar$d1953-$1http://www.wikidata.org/entity/Q95250256$921856
=942  \\$cSCO
=952  \\$00$10$2ddc$40$6SCO_BACH1$70$8SCO$95696$aORPH$bORPH$cKTS1_P$d2020-07-08$eKoopman$iW.991$l0$oSCO BACH1$p20123947$r2021-01-12 00:00:00$ySCO
=999  \\$d5697

