=LDR  01313    a2200301   4500
=001  5702
=005  20250926134854.0
=008  210705e1967\\\\\\\||ld|\||||\00|\0\ger\d
=040  \\$aMB
=041  \\$ager
=059  \\$a3ob 2vn va SATB bc
=100  \\$aBach, Johann Sebastian$d1685-1750$4cmp$1http://www.wikidata.org/entity/Q1339$94766
=245  \\$aKantaten zum Trinitatsfest und zum 1. Sonntag nach Trinitatis
=260  \\$c1967$aGermany$bVEB Deutscher Verlag für Musik Leipzig
=300  \\$a2 vols. (xxxiv-228-[2]+227 pages)$bmusic
=336  \\$aprinted
=336  \\$anotated music
=490  \\$aNeue Ausgabe Sämtlicher Werke$vSerie I: Kantaten 15
=648  \0$a18th Century (1701-1800)$1http://www.wikidata.org/entity/Q7015$920899
=650  \0$aLute$1http://www.wikidata.org/entity/Q180733$93944
=650  \0$aCantata$1http://www.wikidata.org/entity/Q174873$921603
=651  \0$aGermany$1http://www.wikidata.org/entity/Q183$9155
=700  \\$aDürr, Alfred$d1918-2011$4edt$1http://www.wikidata.org/entity/Q84411$910643
=700  \\$aFreeman, Robert Norman$d1939-2002$4edt$910955
=700  \\$aWebster, James$4edt$916965
=942  \\$cSCO
=952  \\$00$10$2ddc$40$6SCO_BACH1$70$8SCO$95701$aORPH$bORPH$cKTS1_P$d2020-07-08$eKoopman$iW.991$l0$oSCO BACH1$p20123942$r2021-01-12 00:00:00$ySCO
=999  \\$c5702$d5702

