=LDR  01392    a2200301   4500
=001  5703
=005  20250926134854.0
=008  210705e1981\\\\\\\||ld|\||||\00|\0\ger\d
=040  \\$aMB
=041  \\$ager
=059  \\$atpt 2ob 2vn va viol SATB bc
=100  \\$aBach, Johann Sebastian$d1685-1750$4cmp$1http://www.wikidata.org/entity/Q1339$94766
=245  \\$aKantaten zum 2. und 3. Sonntag nach Trinitatis
=260  \\$c1981$aGermany$bVEB Deutscher Verlag für Musik Leipzig
=300  \\$a2 vols. (xii-229-[1]+188 pages)$bmusic
=336  \\$anotated music
=336  \\$aprinted
=490  \\$aNeue Ausgabe Sämtlicher Werke$vSerie I: Kantaten 16
=648  \0$a18th Century (1701-1800)$1http://www.wikidata.org/entity/Q7015$920899
=650  \0$aLute$1http://www.wikidata.org/entity/Q180733$93944
=650  \0$aCantata$1http://www.wikidata.org/entity/Q174873$921603
=651  \0$aGermany$1http://www.wikidata.org/entity/Q183$9155
=700  \\$aMoreen, Robert$d1945-$4edt$1http://www.wikidata.org/entity/Q106314464$921852
=700  \\$aBozarth, George S.$d1947-$4edt$1http://www.wikidata.org/entity/Q72941166$921853
=700  \\$aPaul Brainard$d1928-2004$4edt$1http://www.wikidata.org/entity/Q59528164$921854
=942  \\$cSCO
=952  \\$00$10$2ddc$40$6SCO_BACH1$70$8SCO$95702$aORPH$bORPH$cKTS1_P$d2020-07-08$eKoopman$iW.991$l0$oSCO BACH1$p20123941$r2021-01-12 00:00:00$ySCO
=999  \\$c5703$d5703

