=LDR  01247    a2200289   4500
=001  5704
=005  20250926134854.0
=008  210705n1966\\\\\\\||ld|\||||\00|\0\ger\d
=040  \\$aMB
=041  \\$ager
=059  \\$a2vn 2va v bc
=100  \\$aBach, Johann Sebastian$d1685-1750$4cmp$1http://www.wikidata.org/entity/Q1339$94766
=245  \\$aKantaten zum 7. und 8. Sonntag nach Trinitatis
=260  \\$c1966$aGermany$bBärenreiter
=300  \\$a2 vols. (xi-237-[1]+247 pages)$bmusic
=336  \\$aprinted
=336  \\$anotated music
=490  \\$aNeue Ausgabe Sämtlicher Werke$vSerie I: Kantaten 18
=648  \0$a18th Century (1701-1800)$1http://www.wikidata.org/entity/Q7015$920899
=650  \0$aLute$1http://www.wikidata.org/entity/Q180733$93944
=650  \0$aCantata$1http://www.wikidata.org/entity/Q174873$921603
=651  \0$aGermany$1http://www.wikidata.org/entity/Q183$9155
=700  \\$aDürr, Alfred$d1918-2011$4edt$1http://www.wikidata.org/entity/Q84411$910643
=700  \\$aTreitler, Leo$d1931-$4edt$1http://www.wikidata.org/entity/Q6524285$914289
=942  \\$cSCO
=952  \\$00$10$2ddc$40$6SCO_BACH1$70$8SCO$95703$aORPH$bORPH$cKTS1_P$d2020-07-08$eKoopman$iW.991$l0$oSCO BACH1$p20123940$r2021-01-12 00:00:00$ySCO
=999  \\$c5704$d5704

