=LDR  01176    a2200277   4500
=001  5718
=005  20250926134854.0
=008  210707e1963\\\\\\\||ld|\||||\00|\0\ger\d
=040  \\$aMB
=041  \\$ager
=059  \\$a2hn 2ob 2vn 2va SATB bc
=100  \\$aBach, Johann Sebastian$d1685-1750$4cmp$1http://www.wikidata.org/entity/Q1339$94766
=245  \\$aFestmusiken für das kurfürstlich-sächsische Haus I
=260  \\$c1963$aGermany$bBärenreiter
=300  \\$a2 vols. (xi-232-[1]+199 pages)$bmusic
=336  \\$anotated music
=336  \\$aprinted
=490  \\$aNeue Ausgabe Sämtliche Werke$vSerie I: Kantaten 36
=648  \0$a18th Century (1701-1800)$1http://www.wikidata.org/entity/Q7015$920899
=650  \0$aLute$1http://www.wikidata.org/entity/Q180733$93944
=650  \0$aCantata$1http://www.wikidata.org/entity/Q174873$921603
=651  \0$aGermany$1http://www.wikidata.org/entity/Q183$9155
=700  \\$4edt$aNeumann, Werner$d1905-1991$1http://www.wikidata.org/entity/Q99260$921849
=942  \\$cSCO
=952  \\$00$10$2ddc$40$6SCO_BACH1$70$8SCO$95717$aORPH$bORPH$cKTS1_P$d2020-07-08$eKoopman$iW.991$l0$oSCO BACH1$p20123969$r2021-01-12 00:00:00$ySCO
=999  \\$c5718$d5718

