=LDR  01253    a2200301   4500
=001  5725
=005  20250926134854.0
=008  210705e1996\\\\\\\|||d|\||||\00|\0\ger\d
=020  \\$aM-006-49445-3
=040  \\$aMB
=041  \\$ager
=059  \\$ahn 2ob 2vn va SATB org
=100  \\$aBach, Johann Sebastian$d1685-1750$4cmp$1http://www.wikidata.org/entity/Q1339$94766
=245  \\$aKantaten zum 3. und 4. Sonntag nach Epiphanias
=260  \\$c1996$aGermany$bBärenreiter
=300  \\$a2 vols. (xii-170-[1]+173 pages)$bmusic
=336  \\$anotated music
=336  \\$aprinted
=490  \\$aNeue Ausgabe sämtlicher Werke$vSerie I: Kantaten 6
=648  \0$a18th Century (1701-1800)$1http://www.wikidata.org/entity/Q7015$920899
=650  \0$aLute$1http://www.wikidata.org/entity/Q180733$93944
=650  \0$aCantata$1http://www.wikidata.org/entity/Q174873$921603
=651  \0$aGermany$1http://www.wikidata.org/entity/Q183$9155
=700  \\$4edt$aWollny, Peter$d1961-$1http://www.wikidata.org/entity/Q95339065$915578
=700  \\$4edt$aLeisinger, Ulrich$99268
=942  \\$cSCO
=952  \\$00$10$2ddc$40$6SCO_BACH1$70$8SCO$95724$aORPH$bORPH$cKTS1_P$d2020-07-08$eKoopman$iW.991$l0$oSCO BACH1$p20123951$r2021-01-12 00:00:00$w2021-01-12$ySCO
=999  \\$c5725$d5725

