=LDR  01303    a2200289   4500
=001  5728
=005  20250926134854.0
=008  210708e1978\\\\\\\||ld|\||||\00|\0\ger\d
=040  \\$aMB
=041  \\$ager
=059  \\$a2fl 2vn va SATB org
=100  \\$aBach, Johann Sebastian$d1685-1750$4cmp$1http://www.wikidata.org/entity/Q1339$94766
=245  \\$aLutherische Messen und einzelne Messensätze
=260  \\$c1978$aGermany$bVEB Deutscher Verlag für Musik Leipzig
=300  \\$a2 vols. (xi-333-[1]+224 pages)$bmusic
=336  \\$anotated music
=336  \\$aprinted
=490  \\$aNeue Ausgabe Sämtlicher Werke$vSerie II: Messen, Passionen, oratorische Werke 2
=648  \0$a18th Century (1701-1800)$1http://www.wikidata.org/entity/Q7015$920899
=650  \0$aLute$1http://www.wikidata.org/entity/Q180733$93944
=650  \0$aMass$1http://www.wikidata.org/entity/Q217295$92735
=651  \0$aGermany$1http://www.wikidata.org/entity/Q183$9155
=700  \\$4edt$aPlaten, Emil$d-1925$1http://www.wikidata.org/entity/Q1336660$921885
=700  \\$4edt$aHelms, Marianne$d-1936$1http://www.wikidata.org/entity/Q47501279$921848
=942  \\$cSCO
=952  \\$00$10$2ddc$40$6SCO_BACH1$70$8SCO$95727$aORPH$bORPH$cKTS1_P$d2020-07-08$eKoopman$iW.991$l0$oSCO BACH1$p20123964$r2021-01-12 00:00:00$ySCO
=999  \\$c5728$d5728

