=LDR  01153    a2200277   4500
=001  5732
=005  20250926134854.0
=008  210709e1965\\\\\\\||ld|\||||\00|\0\ger\d
=040  \\$aMB
=041  \\$ager
=059  \\$av
=100  \\$aBach, Johann Sebastian$d1685-1750$4cmp$1http://www.wikidata.org/entity/Q1339$94766
=245  \\$aMotetten
=260  \\$c1965$aGermany$bVEB Deutscher Verlag für Musik Leipzig
=300  \\$a2. vols (xi-178-[1]+211 pages)$bmusic
=336  \\$anotated music
=336  \\$aprinted
=490  \\$aNeue Ausgabe Sämtlicher Werke$vSerie III: Motetten, Choräle, Lieder 1
=648  \0$a18th Century (1701-1800)$1http://www.wikidata.org/entity/Q7015$920899
=650  \0$aLute$1http://www.wikidata.org/entity/Q180733$93944
=650  \0$aMotet$1http://www.wikidata.org/entity/Q188285$92028
=651  \0$aGermany$1http://www.wikidata.org/entity/Q183$9155
=700  \\$4edt$aAmeln, Konrad$d1899-1994$1http://www.wikidata.org/entity/Q1312537$921891
=942  \\$cSCO
=952  \\$00$10$2ddc$40$6SCO_BACH1$70$8SCO$95731$aORPH$bORPH$cKTS1_P$d2020-07-08$eKoopman$iW.991$l0$oSCO BACH1$p20123960$r2021-01-12 00:00:00$ySCO
=999  \\$c5732$d5732

