=LDR  01219aca a2200301   4500
=001  5733
=005  20250926134854.0
=008  210709e1996\\\\\\\||ld|\||||\00|\0\ger\d
=020  \\$aM-006-49419-7
=022  \\$aM-006-49419-7
=040  \\$aMB
=041  \\$ager
=059  \\$aorg pf 
=100  \\$aBach, Johann Sebastian$d1685-1750$4cmp$1http://www.wikidata.org/entity/Q1339$94766
=245  \\$aChoräle und Geistliche Lieder Teil 2, Choräle der Sammlung C.P.E. Bach nach dem Druck von 1884-1787
=260  \\$c1996$aKassel$bBärenreiter
=300  \\$axiv-241-[1] pages$bmusic
=336  \\$anotated music
=336  \\$aprinted
=490  \\$aNeue Ausgabe Sämtlicher Werke$vSerie III: Motetten, Choräle, Lieder 2.2
=648  \0$a18th Century (1701-1800)$1http://www.wikidata.org/entity/Q7015$920899
=650  \0$aLute$1http://www.wikidata.org/entity/Q180733$93944
=650  \0$aChorale$1http://www.wikidata.org/entity/Q724473$921334
=651  \0$aGermany$1http://www.wikidata.org/entity/Q183$9155
=700  \\$4edt$aRempp, Frieder$917567
=942  \\$cSCO
=952  \\$00$10$2ddc$40$6SCO_BACH1$70$8SCO$95732$aORPH$bORPH$cKTS1_P$d2020-07-08$eKoopman$iW.991$l0$oSCO BACH1$p20123959$r2021-01-12 00:00:00$ySCO
=999  \\$d5733

