=LDR  03199aca a2200373   4500
=001  5737
=005  20250926134854.0
=008  210917b\\\\\\\\\\\||l||\||||\00|\0\ger\d
=041  \\$ager
=100  \\$aBach, Johann Sebastian$d1685-1750$4cmp$1http://www.wikidata.org/entity/Q1339$94766
=245  \\$aOrgelwerke.$bUrtext
=260  \\$aFrankfurt$aLondon$aNew York$bPeters$c1976
=300  \\$a9 vols.
=648  \0$a18th Century (1701-1800)$1http://www.wikidata.org/entity/Q7015$920899
=650  \0$aOrgan music$1http://www.wikidata.org/entity/Q2003283$91951
=651  \0$aGermany$1http://www.wikidata.org/entity/Q183$9155
=700  \\$4edt$aGriepenkerl, Friedrich Conrad$d1782-1849$1http://www.wikidata.org/entity/Q1460491$95363
=700  \\$4edt$aRoitzsch, Friedrich August$d1805-1889$1http://www.wikidata.org/entity/Q59627908$95364
=700  \\$4edt$aKeller, Hermann$d1885-1967$911963
=942  \\$cSCO
=952  \\$00$10$2ddc$3II$40$6SCO_BACH1$70$8SCO$95685$aORPH$bORPH$cKTS1_P$d2020-07-08$eKoopman$iW.1410$oSCO BACH1$p20121735$r2021-01-12 00:00:00$w2021-01-12$ySCO
=952  \\$00$10$2ddc$3VIII$40$6SCO_BACH1$70$8SCO$95686$aORPH$bORPH$cKTS1_P$d2020-07-08$eKoopman$iW.1410$oSCO BACH1$p20121733$r2021-01-12 00:00:00$w2021-01-12$ySCO
=952  \\$00$10$2ddc$3VI$40$6SCO_BACH1$70$8SCO$95691$aORPH$bORPH$cKTS1_P$d2020-07-08$eKoopman$iW.1410$oSCO BACH1$p20121729$r2021-01-12 00:00:00$w2021-01-12$ySCO
=952  \\$00$10$2ddc$3III$40$6SCO_BACH1$70$8SCO$95692$aORPH$bORPH$cKTS1_P$d2020-07-08$eKoopman$iW.1410$oSCO BACH1$p20121734$r2021-01-12 00:00:00$w2021-01-12$ySCO
=952  \\$00$10$2ddc$3I$40$6SCO_BACH1$70$8SCO$95736$aORPH$bORPH$cKTS1_P$d2020-07-08$eKoopman$iW.1410$l1$oSCO BACH1$p20121724$r2022-09-29 00:00:00$s2022-09-01$w2021-01-12$ySCO
=952  \\$00$10$2ddc$3II$40$6SCO_BACH1$70$8SCO$95737$aORPH$bORPH$cKTS1_P$d2020-07-08$eKoopman$iW.1410$l1$oSCO BACH1$p20121723$r2022-09-29 00:00:00$s2022-09-01$w2021-01-12$ySCO
=952  \\$00$10$2ddc$3III$40$6SCO_BACH1$70$8SCO$95738$aORPH$bORPH$cKTS1_P$d2020-07-08$eKoopman$iW.1410$l1$oSCO BACH1$p20121722$r2022-09-29 00:00:00$s2022-09-01$w2021-01-12$ySCO
=952  \\$00$10$2ddc$3IV$40$6SCO_BACH1$70$8SCO$95739$aORPH$bORPH$cKTS1_P$d2020-07-08$eKoopman$iW.1410$l1$oSCO BACH1$p20121721$r2022-09-29 00:00:00$s2022-09-01$w2021-01-12$ySCO
=952  \\$00$10$2ddc$3V$40$6SCO_BACH1$70$8SCO$95740$aORPH$bORPH$cKTS1_P$d2020-07-08$eKoopman$iW.1410$l1$oSCO BACH1$p20121720$r2022-09-29 00:00:00$s2022-09-01$w2021-01-12$ySCO
=952  \\$00$10$2ddc$3VI$40$6SCO_BACH1$70$8SCO$95741$aORPH$bORPH$cKTS1_P$d2020-07-08$eKoopman$iW.1410$l1$oSCO BACH1$p20121719$r2022-09-29 00:00:00$s2022-09-01$w2021-01-12$ySCO
=952  \\$00$10$2ddc$3VII$40$6SCO_BACH1$70$8SCO$95742$aORPH$bORPH$cKTS1_P$d2020-07-08$eKoopman$iW.1410$l1$oSCO BACH1$p20121718$r2022-09-29 00:00:00$s2022-09-01$w2021-01-12$ySCO
=952  \\$00$10$2ddc$3VIII$40$6SCO_BACH1$70$8SCO$95743$aORPH$bORPH$cKTS1_P$d2020-07-08$eKoopman$iW.1410$l1$oSCO BACH1$p20121717$r2022-09-29 00:00:00$s2022-09-01$w2021-01-12$ySCO
=952  \\$00$10$2ddc$3IX$40$6SCO_BACH1$70$8SCO$95744$aORPH$bORPH$cKTS1_P$d2020-07-08$eKoopman$iW.1410$l1$oSCO BACH1$p20121716$r2022-09-29 00:00:00$s2022-09-01$w2021-01-12$ySCO
=999  \\$d5737

