=LDR  00350    a2200109   4500
=001  5752
=100  \\$aBachler, H.$99333
=245  \\$aAlso nahm ich ... (2)
=260  \\$c2015
=942  \\$cBOO
=952  \\$00$10$2ddc$40$6BIO_BACHL1_A$70$8BIO$95751$aORPH$bORPH$cKTS1_P$d2020-07-08$eKoopman$i46G02$oBIO BACHL1 a$p20126973$r2021-01-12 00:00:00$w2021-01-12$yBOO
=999  \\$c5752$d5752

