=LDR  00801aam a2200205   4500
=001  5755
=008  210309s1966\\\\gw\|||||\||||\00|\0\ger\d
=041  \\$ager
=100  \\$aBachmann, Werner$4aut$99336
=245  \\$aDie Anfänge des Streichinstrumentspiels
=260  \\$aLeipzig$bBreitkopf & Härtel$c1966
=300  \\$a207 pages
=500  \\$aLizenznummer (DDR): 472-155/A108/66
=534  \\$c1964
=650  \0$aMusic history$1http://www.wikidata.org/entity/Q846047$921373
=650  \0$aBowed string instrument$1http://www.wikidata.org/entity/Q192096$92398
=650  \0$aIconography$1http://www.wikidata.org/entity/Q208145$921259
=942  \\$cBOO
=952  \\$00$10$2ddc$40$6INS_4A$70$8INS$95754$aORPH$bORPH$cKTS0$d2020-07-08$eKoopman$i20F40$l0$oINS4a$p20128110$r2021-01-12 00:00:00$w2021-01-12$yBOO
=999  \\$d5755

