=LDR  00376    a2200109   4500
=001  5756
=100  \\$aBachrach, A. G. H.$99337
=245  \\$aSir Constantine Huygens and Brita
=260  \\$c1962
=942  \\$cBOO
=952  \\$00$10$2ddc$40$6BIO_HUYG1_E$70$8BIO$95755$aORPH$bORPH$cKTS1_P$d2020-07-08$eKoopman$i33F41$oBIO HUYG1 e$p20120877$r2021-01-12 00:00:00$w2021-01-12$yBOO$OKoopman
=999  \\$c5756$d5756

