=LDR  01279aam a2200265   4500
=001  5758
=005  20250925143257.0
=008  220909s1985\\\\|||f||||\||||\00|\0\ger\d
=041  \\$ager
=100  \\$aBacke-Dietrich, B.$4aut$99339
=245  \\$a250 Jahre Commerzbibliothek der Handelskammer Hamburg 1735-1985
=260  \\$aHamburg$bChristians$c1985
=300  \\$a151 pages$bwith color ill. 
=610  \0$aCommerzbibliothek (Hamburg, Germany)$1http://www.wikidata.org/entity/Q1115445$924864
=648  \0$a18th Century (1701-1800)$1http://www.wikidata.org/entity/Q7015$920899
=648  \0$a19th Century (1801-1900)$1http://www.wikidata.org/entity/Q6955$920935
=648  \0$a20th Century (1901-2000)$1http://www.wikidata.org/entity/Q6927$920936
=650  \0$aLibrary$1http://www.wikidata.org/entity/Q7075$94229
=650  \0$aBook$1http://www.wikidata.org/entity/Q571$92285
=650  \0$aCollecting$1http://www.wikidata.org/entity/Q208165$92117
=651  \0$aHamburg (Germany)$1http://www.wikidata.org/entity/Q1055$921940
=700  \\$4aut$aKlessmann, Eckart$912044
=942  \\$cBOO
=952  \\$00$10$2ddc$40$6BIB_4_000000000000000_DE_HAM$70$8BIB$95757$aORPH$bORPH$cKTS0$d2020-07-08$eKoopman$i41E05$l0$oBIB4 DE.HAM$p20122108$r2021-01-12 00:00:00$w2021-01-12$yBOO$OKoopman
=999  \\$d5758

