=LDR  00359    a2200109   4500
=001  5759
=100  \\$aBacker, E.$99340
=245  \\$aGeorge Stevens 1904-1975
=260  \\$c1986
=942  \\$cBOO
=952  \\$00$10$2ddc$40$6BIO_STEV2_B$70$8BIO$95758$aORPH$bORPH$cKTS1_P$d2020-07-08$eKoopman$i22C24$oBIO STEV2 b$p20125707$r2021-01-12 00:00:00$w2021-01-12$yBOO$OKoopman
=999  \\$c5759$d5759

