=LDR  01386aam a2200277   4500
=001  5760
=005  20251103124735.0
=008  240209s1970\\\\|||g||||\||||\00|\0\eng\d
=041  \\$aeng$hger
=245  \\$aInterpreting Mozart on the Keyboard
=260  \\$aLondon$bBarrie and Rockliff$c1970
=490  \\$aSt. Martin's Music Paperbacks
=534  \\$cLeipzig: Deutscher Verlag für Musik, 1957
=600  \0$aMozart, Wolfgang Amadeus$d1756-1791$1http://www.wikidata.org/entity/Q254$95341
=648  \0$a18th Century (1701-1800)$1http://www.wikidata.org/entity/Q7015$920899
=650  \0$aKeyboard music$1http://www.wikidata.org/entity/Q105715630$921412
=650  \0$aPiano$1http://www.wikidata.org/entity/Q5994$92127
=650  \0$aHistorically informed performance$1http://www.wikidata.org/entity/Q1344860$920980
=650  \0$aMusical interpretation$1http://www.wikidata.org/entity/Q1668139$94533
=651  \0$aAustria$1http://www.wikidata.org/entity/Q40$9202
=700  \\$aBadura-Skoda, Paul$d1927-2019$1http://www.wikidata.org/entity/Q93672$4aut$916015
=700  \\$aBadura-Skoda, Eva$d1929-2021$1http://www.wikidata.org/entity/Q1299094$4aut$916016
=700  \\$aBlack, Leo$4trl$921218
=942  \\$cBOO
=952  \\$00$10$2ddc$40$6BIO_MOZA1_E$70$8BIO$95759$aORPH$bORPH$cKTS1_P$d2020-07-08$eKoopman$i32F38$l0$oBIO MOZA1 e$p20123063$r2021-01-12 00:00:00$w2021-01-12$yBOO$OKoopman
=999  \\$d5760

