=LDR  01451pam a2200313 a 4500
=001  5761
=005  20251103124735.0
=008  920319s1993\\\\enka\\\\\b\\\\001\0\eng\\
=020  \\$a0198161557
=040  \\$aOI
=041  1\$aeng$hger
=100  \\$aBadura-Skoda, Paul$d1927-2019$1http://www.wikidata.org/entity/Q93672$916015
=245  10$aInterpreting Bach at the Keyboard
=260  \\$aOxford$bClarendon$aNew York$bOxford University Press$c1993
=300  \\$axvi-573 pages$billustrations, music$c25 cm
=504  \\$aIncludes bibliographical references and indexes.
=534  \\$cLaaber: Laaber-Verlag, 1990
=600  \0$aBach, Johann Sebastian$d1685-1750$1http://www.wikidata.org/entity/Q1339$94766
=648  \0$a18th Century (1701-1800)$1http://www.wikidata.org/entity/Q7015$920899
=650  \0$aKeyboard music$1http://www.wikidata.org/entity/Q105715630$921412
=650  \0$aHarpsichord$1http://www.wikidata.org/entity/Q81982$92125
=650  \0$aHistorically informed performance$1http://www.wikidata.org/entity/Q1344860$920980
=650  \0$aMusical interpretation$1http://www.wikidata.org/entity/Q1668139$94533
=651  \0$aGermany$1http://www.wikidata.org/entity/Q183$9155
=700  \\$aClayton, Alfred$4trl$927068
=765  \\$aBach-Interpretation
=942  \\$cBOO
=952  \\$00$10$2ddc$40$6BIO_BACH1_E$70$8BIO$95760$aORPH$bORPH$cKTS1_P$d2020-07-08$eKoopman$i23E35$oBIO BACH1 e$p20128931$r2021-01-12 00:00:00$w2021-01-12$yBOO
=999  \\$d5761

