=LDR  01148cam a2200265 a 4500
=001  5762
=005  20250120120205.0
=008  940615s1993\\\\ne\af\\\\b\\\\001\0bdut\\
=020  \\$a9051836120
=040  \\$aOI
=041  \\$adut
=100  \\$aBaggerman, Arianne$4aut$99344
=245  14$aEen drukkend gewicht:$bleven en werk van de zeventiende-eeuwse veelschrijver Simon de Vries
=260  \\$aAmsterdam$aAtlanta, GA$bRodopi$c1993
=300  \\$a335 pages, [8] pages of plates$billustrations$c22 cm
=490  1\$aAtlantis$v7
=504  \\$aIncludes bibliographical references and index.
=600  \0$aVries, Simon de$d1630-1708$1http://www.wikidata.org/entity/Q107999611$99345
=648  \0$a17th Century (1601-1700)$1http://www.wikidata.org/entity/Q7016$920923
=650  00$aWriter$1http://www.wikidata.org/entity/Q36180$93885
=650  \0$aBiography$1http://www.wikidata.org/entity/Q36279$91927
=651  \0$aNetherlands$1http://www.wikidata.org/entity/Q55$9173
=942  \\$cBOO
=952  \\$00$10$2ddc$40$6BIO_VRIE_D$70$8BIO$95761$aORPH$bORPH$cKTS1_P$d2020-07-08$eKoopman$i30B30$oBIO VRIE d$p20123397$r2021-01-12 00:00:00$w2021-01-12$yBOO
=999  \\$d5762

