=LDR  00917    a2200205   4500
=001  5763
=008  220705s1982\\\\it\f||||\||||\00|\0\ita\d
=041  \\$aita
=100  \\$aBaggiani, Franco$4aut$99346
=245  \\$aOrgani e organisti nella Cattedrale di Lucca
=260  \\$aLucca$bPacini Fazzi$c1982
=300  \\$a136 pages
=610  \0$aCattedrale di San Martino di Lucca (Lucca, Italy)$1http://www.wikidata.org/entity/Q1282278$924499
=650  \0$aOrgan$1http://www.wikidata.org/entity/Q1444$92810
=650  \0$aOrganist$1http://www.wikidata.org/entity/Q765778$94471
=650  \0$aOrganology$1http://www.wikidata.org/entity/Q899293$921400
=651  \0$aLucca (Italy)$1http://www.wikidata.org/entity/Q13373$924498
=942  \\$cBOO
=952  \\$00$10$2ddc$40$6INS_3_000000000000000_1E_IT_LUC$70$8INS$95762$aORPH$bORPH$cKTS0$d2020-07-08$eKoopman$i31D08$oINS3.1e IT.LUC$p20121078$r2021-01-12 00:00:00$w2021-01-12$yBOO
=999  \\$d5763

