=LDR  01330cam a2200325 a 4500
=001  5771
=005  20251003085456.0
=008  890712s1988\\\\ne\a\\\\\bc\\\001\0\dut\\
=020  \\$a9066301392
=040  \\$aOI
=041  0\$adut$beng
=111  \\$aAmsterdam (Netherlands)$9135
=245  13$aDe verzameling Van Eeghen:$bAmsterdamse tekeningen 1600-1950
=260  \\$aZwolle$bWaanders$aAmsterdam$bGemeentearchief Amsterdam$c1988
=300  \\$a510 p. :$bill. (some col.) ;$c29 cm.
=490  \\$aPublikaties van het Gemeentearchief Amsterdam$v16
=500  \\$aSummary in English.
=500  \\$aOne folded map inserted at end.
=500  \\$aIncludes index.
=504  \\$aBibliography: p. 481-496.
=600  \0$aEeghen, Christiaan Pieter van$d1880-1968$1http://www.wikidata.org/entity/Q1834153$99351
=651  \0$aNetherlands$1http://www.wikidata.org/entity/Q55$9173
=700  \\$aBakker, Boudewijn$4aut$99352
=700  \\$aFleurbaay, E.$4aut$99353
=700  \\$aGerlagh, A. W.$4aut$99354
=942  \\$cBOO
=952  \\$00$10$2ddc$40$6TOP_NL_AMS$70$8TOP$95770$aORPH$bORPH$cKTS0$d2020-07-08$eKoopman$i20A11$l0$oTOP NL.AMS$p20128049$r2021-01-12 00:00:00$w2021-01-12$yBOO
=999  \\$c5771$d5771
=650  \0$aCatalogue$1http://www.wikidata.org/entity/Q2352616$921484
=650  \0$aFine art$1http://www.wikidata.org/entity/Q219625$921579

