=LDR  00769    a2200181   4500
=001  5772
=008  221107s1999\\\\nl\f||||\||||\00|\0\dut\d
=041  \\$adut
=100  \\$aBakker, Dirk$99355
=245  \\$aEen nieuw orgel... voor de Oud Gereformeerde Gemeente te Ede
=260  \\$c1999$aRoodeschool$bOrgelmakerij Steendam
=300  \\$a40 pages
=650  \0$aOrgan$1http://www.wikidata.org/entity/Q1444$92810
=650  \0$aOrganology$1http://www.wikidata.org/entity/Q899293$921400
=651  \0$aEde (Netherlands)$1http://www.wikidata.org/entity/Q26555$925271
=942  \\$cBOO
=952  \\$00$10$2ddc$40$6INS_3_000000000000000_1E_NL_EDE$70$8INS$95771$aORPH$bORPH$cKTS0$d2020-07-08$eKoopman$i24D34$l0$oINS3.1e NL.EDE$p20129102$r2021-01-12 00:00:00$w2021-01-12$yBOO$OKoopman
=999  \\$d5772

