=LDR  00959aam a2200205   4500
=001  5774
=008  250828s2017\\\\||||||||\||||\00|\0\eng\d
=020  \\$a9789492733016
=041  \\$aeng
=245  \\$aThe Herengracht and Keizersgracht in 1768 and Now
=260  \\$aAmsterdam$bAmsterdamseGrachtenhuizen.info$c2017
=648  \0$a18th Century (1701-1800)$1http://www.wikidata.org/entity/Q7015$920899
=648  \0$a21st Century (2001-2100)$1http://www.wikidata.org/entity/Q6939$920812
=650  \0$aArchitecture$1http://www.wikidata.org/entity/Q12271$93185
=651  \0$aAmsterdam (Netherlands)$1http://www.wikidata.org/entity/Q727$9135
=700  \\$aBakker, T.$1http://www.wikidata.org/entity/Q123176235$4aut$99357
=700  \\$aMeijers, E.$4aut$941086
=942  \\$cBOO
=952  \\$00$10$2ddc$40$6TOP_NL_AMS_5_000000000000000$70$8TOP$95773$aORPH$bORPH$cKTS0$d2020-07-08$eKoopman$i47D47$l0$oTOP NL.AMS 5$p20123667$r2021-01-12 00:00:00$w2021-01-12$yBOO$OKoopman
=999  \\$d5774

