=LDR  00664aab a2200169   4500
=001  5776
=008  231102s1933\\\\be\a||||\||||\00|\0\dut\d
=041  \\$adut
=100  \\$aBalfoort, Dirk Jacobus$1http://www.wikidata.org/entity/Q26700051$4aut$922450
=245  \\$aDe Viola d'Amore
=260  \\$aBussum$bWegelin$c1932
=300  \\$a20 pages
=500  \\$aOverdruk uit "Het Muziekcollege Caecilia"
=650  \0$aViola d'amore$1http://www.wikidata.org/entity/Q742180$92104
=942  \\$cBOO
=952  \\$00$10$2ddc$40$6INS_4_000000000000000_2A$70$8INS$95775$aORPH$bORPH$cKTS0$d2020-07-08$eKoopman$i19A02$l0$oINS4.2a$p20125175$r2021-01-12 00:00:00$w2021-01-12$yART$OKoopman
=999  \\$d5776

