=LDR  00963aam a2200205   4500
=001  5778
=008  240422s1938\\\\||||||||\||||\00|\0\dut\d
=041  \\$adut
=059  \\$a 
=100  \\$aBalfoort, Dirk Jacobus$1http://www.wikidata.org/entity/Q26700051$4aut$922450
=245  \\$aHet muziekleven in Nederland in de 17de en 18de eeuw
=260  \\$aAmsterdam$bvan Kampen$c1938
=490  \\$aPatria, vaderlandsche cultuurgeschiedenis in monografieën$v10
=648  \0$a17th Century (1601-1700)$1http://www.wikidata.org/entity/Q7016$920923
=648  \0$a18th Century (1701-1800)$1http://www.wikidata.org/entity/Q7015$920899
=650  \0$aMusic history$1http://www.wikidata.org/entity/Q846047$921373
=651  \0$aNetherlands$1http://www.wikidata.org/entity/Q55$9173
=942  \\$cBOO
=952  \\$00$10$2ddc$40$6TOP_NL_5_000000000000000$70$8TOP$95777$aORPH$bORPH$cKTS0$d2020-07-08$eKoopman$i20B34$l0$oTOP NL 5$p20127970$r2021-01-12 00:00:00$w2021-01-12$yBOO$OKoopman
=999  \\$d5778

