=LDR  01067aam a2200205   4500
=001  5781
=008  250407s1994\\\\||||||||\c|||\00|\0\ita\d
=041  \\$aita
=100  \\$aBalsem, Astrid C.$99361$4aut
=245  \\$aLibri omissi italiani del Cinquecento provenienti dalla biblioteca di Isaac Vossius ora nella biblioteca di Leida
=260  \\$aLeiden$bBibliotheek der Rijksuniversiteit Leiden$c1994
=490  \\$aBibliotheca Vossiana$vI
=600  \0$aVossius, Isaac$d1618-1689$1http://www.wikidata.org/entity/Q3112766$97742
=610  20$aUniversiteitsbibliotheek Leiden (Netherlands)$1http://www.wikidata.org/entity/Q638395$926816
=648  \0$a16th Century (1501-1600)$1http://www.wikidata.org/entity/Q7017$920944
=650  \0$aLibrary$1http://www.wikidata.org/entity/Q7075$94229
=651  \0$aLeiden (Netherlands)$1http://www.wikidata.org/entity/Q43631$978
=942  \\$cBOO
=952  \\$00$10$2ddc$40$6BIB_4_000000000000000_NL_LEI$70$8BIB$95780$aORPH$bORPH$cKTS0$d2020-07-08$eKoopman$i34B03$l0$oBIB4 NL.LEI$p20122614$r2021-01-12 00:00:00$w2021-01-12$yBOO$OKoopman
=999  \\$d5781

