=LDR  01401cam a2200289 i 4500
=001  5782
=008  800510s1979\\\\gw\a\\\\\b\\\\001\0\ger\\
=041  \\$ager
=245  10$aAlte Orgeln in Hessen-Nassau. $bHerausgegeben vom Amt für Kirchenmusik der Evangelischen Kirche in Hessen und Nassau in Verbindung mit der Gesellschaft der Orgelfreunde
=260  \\$aBerlin $bMerseburger$c1979
=300  \\$a206 pages$bill. $c20 cm
=490  1\$aVeröffentlichung der Gesellschaft der Orgelfreunde 72
=500  \\$a"Edition Merseburger ; 1181."
=500  \\$aIncludes index.
=504  \\$aBibliography: p. 199.
=648  \0$a18th Century (1701-1800)$1http://www.wikidata.org/entity/Q7015$920899
=648  \0$a19th Century (1801-1900)$1http://www.wikidata.org/entity/Q6955$920935
=650  \0$aOrgan$1http://www.wikidata.org/entity/Q1444$92810
=650  \0$aOrgan$1http://www.wikidata.org/entity/Q1444$92810
=651  \0$aGermany$1http://www.wikidata.org/entity/Q183$9155
=700  \\$aBalz, Hans Martin$4aut$99362
=700  \\$aMenger, Reinhardt$d1936-$4aut$99363
=710  \\$aEvangelische Kirche in Hessen und Nassau (Hessen, Germany)$91217
=710  \\$aGesellschaft der Orgelfreunde$1http://www.wikidata.org/entity/Q1518383$91218
=942  \\$cBOO
=952  \\$00$10$2ddc$40$70$8INS$95781$aORPH$bORPH$cKTS0$d2020-07-08$eKoopman$iINS3.1 a DE.HES$p20128710$r2021-01-12 00:00:00$w2021-01-12$yBOO
=999  \\$d5782

