=LDR  01092aam a2200217   4500
=001  5785
=008  250217s1960\\\\|||a||||\||||\00|\0\ger\d
=041  \\$ager
=100  \\$aBandmann, Günter$d1917-1975$4aut$99366
=245  \\$aMelancholie und Musik.$bIkonographische Studien
=260  \\$aCologne$aOpladen$bWestdeutscher Verlag$c1960
=490  \\$aWissenschaftliche Abhandlungen der Arbeitsgemeinschaft für Forschung des Landes Nordrhein-Westfahlen$v12
=648  \0$aPast$1http://www.wikidata.org/entity/Q192630$922196
=650  \0$aMusic history$1http://www.wikidata.org/entity/Q846047$921373
=650  \0$aCultural history$1http://www.wikidata.org/entity/Q858517$922395
=650  \0$aEmotion$1http://www.wikidata.org/entity/Q9415$921566
=650  \0$aMusic psychology$1http://www.wikidata.org/entity/Q476590$921788
=650  \0$aIconography$1http://www.wikidata.org/entity/Q208145$921259
=942  \\$cBOO
=952  \\$00$10$2ddc$40$6VIS_BAND$70$8VIS$95784$aORPH$bORPH$cKTS1_H$d2020-07-08$eKoopman$i19C30$l1$oVIS BAND$p20127900$r2025-03-13 09:52:52$s2024-12-23$w2021-01-12$yBOO$OKoopman
=999  \\$d5785

