=LDR  01054aam a2200229   4500
=001  5786
=005  20250925143257.0
=008  230103s1996\\\\||||||||\||||\00|\0bdut\d
=041  \\$adut
=100  \\$aBank, J.$4aut$99367
=245  \\$aAlphons Diepenbrock:$been tegenstem in de Nederlandse cultuur
=260  \\$aHilversum$bCentrum Nederlandse Muziek$c1996
=490  \\$aJan van Gilse-lezing$v1996
=600  \0$aDiepenbrock, Alphons$d1862-1921$1http://www.wikidata.org/entity/Q952378$97103
=648  \0$a19th Century (1801-1900)$1http://www.wikidata.org/entity/Q6955$920935
=648  \0$a20th Century (1901-2000)$1http://www.wikidata.org/entity/Q6927$920936
=650  \0$aComposer$1http://www.wikidata.org/entity/Q36834$93625
=650  \0$aBiography$1http://www.wikidata.org/entity/Q36279$91927
=651  \0$aNetherlands$1http://www.wikidata.org/entity/Q55$9173
=942  \\$cBOO
=952  \\$00$10$2ddc$40$6BIO_DIEP_D$70$8BIO$95785$aORPH$bORPH$cKTS1_P$d2020-07-08$eKoopman$i21D09$l0$oBIO DIEP d$p20128293$r2021-01-12 00:00:00$w2021-01-12$yBOO$OKoopman
=999  \\$d5786

