=LDR  00356    a2200109   4500
=001  5791
=100  \\$aBanning, H.$99370
=245  \\$aJohann Friedrich Doles
=260  \\$c1939
=942  \\$cBOO
=952  \\$00$10$2ddc$40$6BIO_DOLE_D$70$8BIO$95790$aORPH$bORPH$cKTS1_P$d2020-07-08$eKoopman$i32D23$oBIO DOLE d$p20123122$r2021-01-12 00:00:00$w2021-01-12$yBOO$OKoopman
=999  \\$c5791$d5791

