=LDR  01250aam a2200265   4500
=001  5792
=008  240506s1966\\\\||||||||\||||\00|\0bger\d
=041  \\$ager
=100  \\$aBär, C.$99371$4aut
=245  \\$aMozart.$bKrankheit, Tod, Begräbnis
=260  \\$aKassel$bBärenreiter$c1966
=300  \\$a145 pages
=490  \\$aSchriftenreihe der Internationalen Stiftung Mozarteum$v1
=600  \0$aMozart, Wolfgang Amadeus$d1756-1791$1http://www.wikidata.org/entity/Q254$95341
=648  \0$a18th Century (1701-1800)$1http://www.wikidata.org/entity/Q7015$920899
=650  \0$aComposer$1http://www.wikidata.org/entity/Q36834$93625
=650  \0$aDisease$1http://www.wikidata.org/entity/Q12136$921777
=650  \0$aDeath$1http://www.wikidata.org/entity/Q4$94425
=650  \0$aFuneral$1http://www.wikidata.org/entity/Q201676$93261
=650  \0$aBiography$1http://www.wikidata.org/entity/Q36279$91927
=650  \0$aMedicine$1http://www.wikidata.org/entity/Q11190$921959
=651  \0$aVienna (Austria)$1http://www.wikidata.org/entity/Q1741$920937
=942  \\$cBOO
=952  \\$00$10$2ddc$40$6BIO_MOZA1_E$70$8BIO$95791$aORPH$bORPH$cKTS1_P$d2020-07-08$eKoopman$i25C34$l1$oBIO MOZA1 e$p20129220$r2024-08-20 00:00:00$s2024-06-13$w2021-01-12$yBOO$OKoopman
=999  \\$d5792

