=LDR  01323    a2200253   4500
=001  5793
=005  20251003085456.0
=008  211108s2003\\\\gw\af|||\||||\00|\0\ger\d
=041  \\$ager
=100  \\$aBär, Frank P.$4aut$917861
=245  \\$aVerzeichnis der Europäischen Musikinstrumente im Germanischen Nationalmuseum Nürnberg.$bBand 4 : Klarinetten normaler und höheren Stimmlage mit 2 bis 9 Klappen
=260  \\$c2003$aWilhelmshaven$bFlorian Noetzel Verlag
=300  \\$a263 pages
=490  \\$aQuellenkataloge zur Musikgeschichte $v30
=648  \0$a18th Century (1701-1800)$1http://www.wikidata.org/entity/Q7015$920899
=648  \0$a19th Century (1801-1900)$1http://www.wikidata.org/entity/Q6955$920935
=650  \0$aOrganology$1http://www.wikidata.org/entity/Q899293$921400
=650  \0$aCatalogue$1http://www.wikidata.org/entity/Q2352616$921484
=650  \0$aClarinet$1http://www.wikidata.org/entity/Q8343$92937
=651  \0$aNuremberg (Germany)$1http://www.wikidata.org/entity/Q2090$921596
=710  \\$aGermanisches Nationalmuseum (Nürnberg, Germany)$1http://www.wikidata.org/entity/Q478695$4ctb$91407
=942  \\$cBOO
=952  \\$00$10$2ddc$40$6INS_6_000000000000000_4A_DE_NUR$70$8INS$95792$aORPH$bORPH$cKTS0$d2020-07-08$eKoopman$i46B14$oINS6.4a DE.NUR$p20127607$r2021-01-12 00:00:00$w2021-01-12$yBOO
=999  \\$d5793

