=LDR  01015cam a2200229 a 4500
=001  5794
=005  20250120115941.0
=008  010604s2001\\\\it\a\\\\\bc\\\001\0dita\\
=020  \\$a8846703073
=040  \\$aOI
=100  \\$aBarandoni, Stefano$99373
=245  10$aFilippo Maria Gherardeschi (1738-1808) :$bmusicista "abile e di genio" nel Granducato di Toscana /$cStefano Barandoni.
=260  \\$aPisa :$bETS ;$aSesto Fiorentino :$bDistribuzione, PDE,$cc2001.
=300  \\$a420 p. :$bill. ;$c24 cm.
=504  \\$a"Catalogo delle opere": p. [153]-258.
=504  \\$aIncludes bibliographical references (p. [411]-420) and index.
=600  \0$aGherardeschi, Filippo,$d1738-1808.$99374
=600  \0$aGherardeschi, Filippo$d1738-1808$1http://www.wikidata.org/entity/Q3745255$99375
=942  \\$cBOO
=952  \\$00$10$2ddc$40$6BIO_GHER_D$70$8BIO$95793$aORPH$bORPH$cKTS1_P$d2020-07-08$eKoopman$i38D10$oBIO GHER d$p20122399$r2021-01-12 00:00:00$w2021-01-12$yBOO$OKoopman
=999  \\$c5794$d5794
=490  \\$aStudi musicali toscani ;$v6

