=LDR  00654aam a2200169   4500
=001  5796
=008  240611s1969\\\\|||g||||\||||\00|\0\spa\d
=041  \\$aspa
=100  \\$aBarbacci, R.$4aut$99377
=245  \\$aEl tiempo Musical. $bEl metronomo y sus antecedentes
=260  \\$aLima$bCasa Mozart$c1969
=300  \\$a232 pages
=650  \0$aTempo$1http://www.wikidata.org/entity/Q189214$92723
=650  \0$aMetronome$1http://www.wikidata.org/entity/Q156424$922225
=942  \\$cBOO
=952  \\$00$10$2ddc$40$6MTP_2_000000000000000_BARB$70$8MTP$95795$aORPH$bORPH$cKM12_1$d2020-07-08$eKoopman$i19B13$l0$oMTP2 BARB$p20125107$r2021-01-12 00:00:00$w2021-01-12$yBOO
=999  \\$d5796

