=LDR  01310cam a2200313 i 4500
=001  5797
=005  20250120120154.0
=008  781205s1977\\\\sp\agh\\\b\\\f001\0blat\\
=015  \\$aSp77-Nov
=020  \\$a8436902297
=040  \\$aOI
=041  0\$aspa
=245  10$aJuan Bautista Comes y su tiempo:$bestudio biográfico
=260  \\$aMadrid$bComisaría Nacional de la Música$c1977
=300  \\$a259 pages$billustrations, music, facsimiles$c24 cm
=490  \\$aMusicología española$v2
=500  \\$a"Documentación" (p. [181]-249) in Latin and Spanish.
=500  \\$aIncludes index.
=504  \\$aBibliography: p. 251-252.
=600  \0$aComes, Juan Bautista$d1582-1643$1http://www.wikidata.org/entity/Q1710371$99379
=648  \0$1http://www.wikidata.org/entity/Q7016$a17th Century (1601-1700)$920923
=650  \0$aComposer$1http://www.wikidata.org/entity/Q36834$93625
=650  \0$aBiography$1http://www.wikidata.org/entity/Q36279$91927
=651  \0$aSpain$1http://www.wikidata.org/entity/Q29$920983
=700  \\$aCliment i Barber, José$99378$4aut
=700  \\$aPiedra Miralles, Joaquín$99380$4aut
=942  \\$cBOO
=952  \\$00$10$2ddc$40$6BIO_COME_D$70$8BIO$95796$aORPH$bORPH$cKTS1_P$d2020-07-08$eKoopman$i38B16$l0$oBIO COME d$p20120459$r2021-01-12 00:00:00$w2021-01-12$yBOO$OKoopman
=999  \\$d5797

