=LDR  01611pam a2200301 a 4500
=001  5798
=005  20250120120510.0
=008  981029s1999\\\\ctua\\\\\bc\\\001\0\eng\\
=020  \\$a0300079338 (cloth : alk. paper)
=020  \\$a0300079346 (pbk. : alk. paper)
=040  \\$aOI
=245  00$aLife and the Arts in the Baroque Palaces of Rome:$bAmbiente Barocco
=260  \\$aNew York$bBard Graduate Center for Studies in the Decorative Arts$c1999
=300  \\$axvii-283 pages$billustrations (some color)$c32 cm
=500  \\$aCatalog of an exhibition held at the Bard Graduate Center for Studies in the Decorative Arts, New York, N.Y., Mar. 10-June 13, 1999 and the Nelson-Atkins Museum, Kansas City, Mo., July 25-Oct. 3, 1999.
=504  \\$aIncludes bibliographical references (p. 253-266) and index.
=648  \0$a17th Century (1601-1700)$1http://www.wikidata.org/entity/Q7016$920923
=650  \0$aBaroque$1http://www.wikidata.org/entity/Q37853$921255
=650  \0$aFine art$1http://www.wikidata.org/entity/Q219625$921579
=650  \0$aApplied arts$1http://www.wikidata.org/entity/Q2865882$921627
=650  \0$aMusic history$1http://www.wikidata.org/entity/Q846047$921373
=650  \0$aCuckoo$1http://www.wikidata.org/entity/Q18845$922474
=651  \0$aRome (Italy)$1http://www.wikidata.org/entity/Q220$949
=700  \\$aWalker, Stefanie$4edt$99381
=700  \\$aHammond, Frederick$d1937-$4edt$99382
=942  \\$cBOO
=952  \\$00$10$2ddc$40$6TOP_IT_ROM_5_000000000000000$70$8TOP$95797$aORPH$bORPH$cKTS0$d2020-07-08$eKoopman$i43C38$oTOP IT.ROM 5$p20127169$r2021-01-12 00:00:00$w2021-01-12$yBOO
=999  \\$d5798

