=LDR  01141cam a2200265 a 4500
=001  5799
=005  20250121142120.0
=008  950420s1994\\\\fr\a\\\\\b\\\\001\0bfre\\
=020  \\$a2246484014
=040  \\$aOI
=100  \\$aBarbier, Patrick$4aut$99383
=245  10$aFarinelli :$ble castrat des Lumières
=260  \\$aParis$bGrasset$c1994
=300  \\$a261 pages$billustrations$c23 cm
=504  \\$aIncludes bibliographical references (p. [250]-256) and index.
=600  00$aFarinelli, Carlo Broschi$d1705-1782$99384
=648  \0$a18th Century (1701-1800)$1http://www.wikidata.org/entity/Q7015$920899
=650  \0$aCastrato$1http://www.wikidata.org/entity/Q210970$92704
=650  \0$aBiography$1http://www.wikidata.org/entity/Q36279$91927
=651  \0$aItaly$1http://www.wikidata.org/entity/Q38$922
=651  \0$aLondon (United Kingdom)$1http://www.wikidata.org/entity/Q84$9123
=651  \0$aSpain$1http://www.wikidata.org/entity/Q29$920983
=942  \\$cBOO
=952  \\$00$10$2ddc$40$6BIO_FARI1_D$70$8BIO$95798$aORPH$bORPH$cKTS1_P$d2020-07-08$eKoopman$i35B15$oBIO FARI1 d$p20120775$r2021-01-12 00:00:00$w2021-01-12$yBOO$OKoopman
=999  \\$d5799

