=LDR  00706aam a2200169   4500
=001  5801
=005  20251003085456.0
=008  250821s1963\\\\||||||||\||||\00|\0\ger\d
=041  \\$ager
=100  \\$aBarbour, J. M.$99387$4aut
=245  \\$aPokorny und der "Schacht-Katalog":$bein Beitrag zur Geschichte der fürstlichen Hofmusik
=260  \\$aKallmünz$bLaßleben$c1963
=490  \\$aThurn und Taxis-Studien$v3
=650  \0$aCatalogue$1http://www.wikidata.org/entity/Q2352616$1http://www.wikidata.org/entity/Q6941730$921484
=942  \\$cBOO
=952  \\$00$10$2ddc$40$6BIO_POKO_E$70$8BIO$95800$aORPH$bORPH$cKTS1_P$d2020-07-08$eKoopman$i23F26$oBIO POKO e$p20128679$r2021-01-12 00:00:00$w2021-01-12$yBOO$OKoopman
=999  \\$d5801

