=LDR  00906aam a2200217   4500
=001  5802
=005  20251001162312.0
=008  230301s1975\\\\||||||||\||||\00|\0\fre\d
=041  \\$afre
=100  \\$aBardez, Jean-Michel$4aut$99388
=245  \\$aDiderot et la musique
=260  \\$aParis$bChampion$c1975
=300  \\$a169 pages
=600  \0$aDiderot, Denis$d1713-1784$1http://www.wikidata.org/entity/Q448$914909
=648  \0$a18th Century (1701-1800)$1http://www.wikidata.org/entity/Q7015$920899
=650  \0$aMusic philosophy and aesthetics$1http://www.wikidata.org/entity/Q2092865$921165
=650  \0$aEnlightenment$1http://www.wikidata.org/entity/Q12539$94532
=651  \0$aFrance$1http://www.wikidata.org/entity/Q142$9131
=942  \\$cBOO
=952  \\$00$10$2ddc$40$6BIO_DIDE_E$70$8BIO$95801$aORPH$bORPH$cKTS1_P$d2020-07-08$eKoopman$i32D21$oBIO DIDE e$p20123124$r2021-01-12 00:00:00$w2021-01-12$yBOO
=999  \\$d5802

