=LDR  01002cam a2200241 a 4500
=001  5803
=005  20250120115941.0
=008  930419s1992\\\\ne\ab\\\\b\\\\001\0ddut\\
=020  \\$a9060118243
=040  \\$aOI
=041  0\$adut$beng
=100  \\$aBarend-van Haeften, Marijke$99389
=245  10$aOost-Indië gespiegeld :$bNicolaas de Graaff, een schrijvend chirurgijn in dienst van de VOC /$cdoor Marijke Barend-van Haeften.
=260  \\$aZutphen :$bWalburg,$cc1992.
=300  \\$a278 p. :$bill., maps ;$c22 cm.
=500  \\$aSummary in English.
=500  \\$aErrata slip inserted.
=504  \\$aIncludes bibliographical references (p. [249]-268) and index.
=651  \0$aIndonesia$1http://www.wikidata.org/entity/Q252$97
=600  \0$aGraaff, Nicolaus de,$dapproximately 1617-approximately 1701.$99390
=942  \\$cBOO
=952  \\$00$10$2ddc$40$6BIO_GRAA_D$70$8BIO$95802$aORPH$bORPH$cKTS1_P$d2020-07-08$eKoopman$i30D30$oBIO GRAA d$p20121173$r2021-01-12 00:00:00$w2021-01-12$yBOO$OKoopman
=999  \\$c5803$d5803

