=LDR  00364    a2200109   4500
=001  5805
=100  \\$aBarford, Philip$99392
=245  \\$aThe keyboard music of C.P.E. Bach
=260  \\$c1965
=942  \\$cBOO
=952  \\$00$10$2ddc$40$6BIO_BACH2_C$70$8BIO$95804$aORPH$bORPH$cKTS1_P$d2020-07-08$eKoopman$i32C07$oBIO BACH2 c$p20122913$r2021-01-12 00:00:00$w2021-01-12$yBOO
=999  \\$c5805$d5805

