=LDR  00845aam a2200229   4500
=001  5808
=003  OSt
=005  20250120120918.0
=008  210208b\\\\\\\\\\\|||||\||||\00|\0\eng\d
=040  \\$cOI
=041  \\$aita
=100  \\$aBaroffio, Giacomo$4aut$924961
=245  \\$aMusicus et cantor:$bIl canto gregoriano a la tradizione monastica
=260  \\$c1996$bSeregno
=300  \\$a93 pages
=648  \0$aMiddle Ages (500-1400)$1http://www.wikidata.org/entity/Q12554$920964
=650  \0$aMusic history$1http://www.wikidata.org/entity/Q846047$921373
=650  \0$aMonastery$926216
=650  \0$aPlainchant$1http://www.wikidata.org/entity/Q2707688$921363
=942  \\$cBOO
=952  \\$00$10$2ddc$40$6GEN_2_000000000000000$70$8GEN$95807$aORPH$bORPH$cKM12_1$d2020-07-08$eKoopman$i19C27$l0$oGEN2$p20127903$r2021-01-12 00:00:00$w2021-01-12$yBOO
=999  \\$d5808

