=LDR  01224cam a2200277 a 4500
=001  5810
=005  20250121142120.0
=008  890503s1985\\\\gw\g\\\\\b\\\\001\0\ger\\
=020  \\$a3890070280
=040  \\$aOI
=100  \\$aBartel, Dietrich$4aut$99398
=245  10$aHandbuch der musikalischen Figurenlehre
=260  \\$aLaaber$bLaaber-Verlag$c1985
=300  \\$a307 pages$bmusic$c21 cm
=500  \\$aOriginally presented as the author's thesis (doctoral)--Albert-Ludwigs-Universität Freiburg i. Br., 1982.
=500  \\$aIncludes index.
=504  \\$aBibliography: p. 297-300.
=648  \0$a17th Century (1601-1700)$1http://www.wikidata.org/entity/Q7016$920923
=648  \0$a18th Century (1701-1800)$1http://www.wikidata.org/entity/Q7015$920899
=650  \0$aAffect$1http://www.wikidata.org/entity/Q159904$92060
=650  \0$aEmotion$1http://www.wikidata.org/entity/Q9415$921566
=650  \0$aMusic history$1http://www.wikidata.org/entity/Q846047$921373
=651  \0$aGermany$1http://www.wikidata.org/entity/Q183$9155
=942  \\$cBOO
=952  \\$00$10$2ddc$40$6MTP_1_000000000000000_BART$70$8MTP$95809$aORPH$bORPH$cKM12_1$d2020-07-08$eKoopman$i28D11$oMTP1 BART$p20123598$r2021-01-12 00:00:00$w2021-01-12$yBOO
=999  \\$d5810

