=LDR  00897aam a2200217   4500
=001  5814
=008  220918s2005\\\\||||||||\||||\00|\0\fre\d
=020  \\$a9782952395809
=041  \\$afre
=100  \\$aBarthel, Laure$d1962-$4aut$922955
=245  \\$aAu cœur de la harpe au XVIIIeme
=246  \1$aAu coeur de la harpe au XVIIIeme
=260  \\$a[France]$bGarnier François $c2005
=300  \\$a200 pages
=648  \0$a18th Century (1701-1800)$1http://www.wikidata.org/entity/Q7015$920899
=650  \0$aMusic history$1http://www.wikidata.org/entity/Q846047$921373
=650  \0$aHarp$1http://www.wikidata.org/entity/Q47369$93542
=650  \0$aOrganology$1http://www.wikidata.org/entity/Q899293$921400
=942  \\$cBOO
=952  \\$00$10$2ddc$40$6INS_5_000000000000000_3A_BART$70$8INS$95813$aORPH$bORPH$cKTS0$d2020-07-08$eKoopman$i45F34$oINS5.3a BART$p20127530$r2021-01-12 00:00:00$w2021-01-12$yBOO
=999  \\$d5814

