=LDR  01072aam a2200229   4500
=001  5815
=008  220918s1957\\\\||||||||\||||\00|\0bfre\d
=041  \\$afre
=100  \\$aBarthélemy, Marseille Auguste$d1796-1867$4aut$96498
=245  \\$aAndré Campra, sa vie et son œuvre
=246  \1$aAndré Campra, sa vie et son oeuvre
=260  \\$aParis$bPicard$c1957
=490  \\$aLa vie musicale en France sous les rois bourbons
=600  \0$aCampra, André$d1660-1744$1http://www.wikidata.org/entity/Q313860$95039
=648  \0$a17th Century (1601-1700)$1http://www.wikidata.org/entity/Q7016$920923
=648  \0$a18th Century (1701-1800)$1http://www.wikidata.org/entity/Q7015$920899
=650  \0$aComposer$1http://www.wikidata.org/entity/Q36834$93625
=650  \0$aBiography$1http://www.wikidata.org/entity/Q36279$91927
=651  \0$aFrance$1http://www.wikidata.org/entity/Q142$9131
=942  \\$cBOO
=952  \\$00$10$2ddc$40$6BIO_CAMP_D$70$8BIO$95814$aORPH$bORPH$cKTS1_P$d2020-07-08$eKoopman$i32C47$l0$oBIO CAMP d$p20122872$r2021-01-12 00:00:00$w2021-01-12$yBOO$OKoopman
=999  \\$d5815

