=LDR  02987ccm a2200433 a 4500
=001  5817
=005  20250407113907.0
=008  880920m19871989enkpta\\\z\\\\\n\\\\eng\\
=020  \\$a0852496575 (v. 1)
=020  \\$a0852496818 (v. 2)
=040  \\$aOI
=041  \\$aeng
=100  \\$aGreer, David$d1937-$4edt$99194
=245  00$aCollected English Lutenist Partsongs
=260  \\$aLondon$bStainer and Bell$c1987-89
=300  \\$a1 score (2 v.) :$bfacsims. ;$c33 cm.
=490  \\$aMusica Britannica$v53-54
=500  \\$aFor 3-4 voices and lute (tablature and staff notation).
=500  \\$a"Published for the Musica Britannica Trust."
=500  \\$aWords printed as text at end; includes textual commentary and indexes.
=505  1\$g1: 14 ayres in tabletorie (1598) / Michael Cavendish -- The first booke of songes (1600) / Robert Jones -- The first booke of songs (1605) / Francis Pilkington -- Ultimum vale (1605) / Robert Jones -- A booke of ayres (1606) / John Bartlet $g2: Songs for the lute viol and voice (1606) / John Danyel -- Musicke of sundrie kindes (1607) / Thomas Ford -- A musicall dreame (1609) / Robert Jones -- The discription of a maske (1607) / Thomas Campion -- The first booke of ayres (c. 1613) / Thomas Campion -- The second booke of ayres (c. 1613) / Thomas Campion -- The first booke of ayres (1622) / John Attey
=648  \0$a16th Century (1501-1600)$1http://www.wikidata.org/entity/Q7017$920944
=648  \0$a17th Century (1601-1700)$1http://www.wikidata.org/entity/Q7016$920923
=650  \0$aSong$1http://www.wikidata.org/entity/Q7366$94164
=650  \0$aLute$1http://www.wikidata.org/entity/Q180733$93944
=650  \0$aTablature$1http://www.wikidata.org/entity/Q143217$93722
=651  \0$aUnited Kingdom$1http://www.wikidata.org/entity/Q21$1http://www.wikidata.org/entity/Q145$9273
=700  \\$aCavendish, Michael$d1565-1628$1http://www.wikidata.org/entity/Q3856134$940017$4cmp
=700  \\$aJones, Robert$d1570s-1617$1http://www.wikidata.org/entity/Q2157729$940018$4cmp
=700  \\$aPilkington, Francis$dc. 1665-1638$1http://www.wikidata.org/entity/Q2462847$924739$4cmp
=700  \\$aBartlet, John$dfl. 1605-10$1http://www.wikidata.org/entity/Q320705$940020$4cmp
=700  \\$aDanyel, John$d1564-1626$1http://www.wikidata.org/entity/Q1699751$940021$4cmp
=700  \\$aFord, Thomas$d1580-1648$1http://www.wikidata.org/entity/Q354266$927628$4cmp
=700  \\$aCampion, Thomas$d1567-1620$1http://www.wikidata.org/entity/Q455618$910089$4cmp
=700  \\$aAttey, John$d1622-1640$1http://www.wikidata.org/entity/Q19043050$940024$4cmp
=942  \\$cSCO
=952  \\$00$10$2ddc$40$6SCO_MISC_GREE2$70$8SCO$95538$aORPH$bORPH$cKTS1_H$d2020-07-08$eKoopman$iW992-LIV$l0$oSCO MISC GREE2$p20121632$r2021-01-12 00:00:00$w2021-01-12$ySCO$OW.0992-LIV
=952  \\$00$10$2ddc$40$6SCO_MISC_GREE2$70$8SCO$95816$aORPH$bORPH$cKTS1_H$d2020-07-08$eKoopman$iW992-LIII$l0$oSCO MISC GREE2$p20121633$r2021-01-12 00:00:00$w2021-01-12$ySCO$OW.0992-LI
=999  \\$d5817

