=LDR  00934aam a2200217   4500
=001  5818
=008  210516s1788\\\\\\\|||||\||||\00|\0aeng\d
=041  \\$aeng
=100  \\$aBoyce, William$d1711-1779$4aut$1http://www.wikidata.org/entity/Q313152$96244
=245  \\$aMemoirs of Dr. William Boyce
=260  \\$cs.d.
=500  \\$aOffprint from 'Cathedral Music' (1788)
=590  \\$aNow first published
=648  \0$a17th Century (1601-1700)$1http://www.wikidata.org/entity/Q7016$920923
=650  \0$aBiography$1http://www.wikidata.org/entity/Q36279$91927
=651  \0$aUnited Kingdom$1http://www.wikidata.org/entity/Q21$9273
=700  \\$4edt$aHawkins, John$d1719-1789$1http://www.wikidata.org/entity/Q661076$95399
=700  \\$4edt$aBartlett, C.$99404
=942  \\$cBOO
=952  \\$00$10$2ddc$40$6BIO_BOYC_A$70$8BIO$95817$aORPH$bORPH$cKTS1_P$d2020-07-08$eKoopman$i32C25$l0$oBIO BOYC a$p20130321$r2021-01-12 00:00:00$w2021-01-12$yBOO
=999  \\$d5818

