=LDR  00916aam a2200193   4500
=001  5820
=008  250423s1934\\\\|||aofc|\||||\00|\0dger\d
=041  \\$ager
=100  \\$aBaser, Friedrich$d1893-1990$1http://www.wikidata.org/entity/Q91305867$99407
=245  \\$aDas musikalische Heidelberg seit den Kurfürsten
=260  \\$c1934$aHeidelberg$bMeister
=300  \\$a112 pages
=590  \\$aDem zaubrischen Dreiklang: Deutscher Geist, Deutsche Musik, Heidelbergs Höhen, Tal und Wälder
=648  \0$aPast$1http://www.wikidata.org/entity/Q192630$922196
=650  \0$aMusic history$1http://www.wikidata.org/entity/Q846047$921373
=651  \0$aHeidelberg (Germany)$1http://www.wikidata.org/entity/Q2966$921984
=942  \\$cBOO
=952  \\$00$10$2ddc$40$6TOP_DE_HEI1_0_000000000000000$70$8TOP$95819$aORPH$bORPH$cKTS0$d2020-07-08$eKoopman$i41D26$l0$oTOP DE.HEI1 0$p20130204$r2021-01-12 00:00:00$w2021-01-12$yBOO$OKoopman
=999  \\$d5820

