=LDR  01635aam a2200229   4500
=001  5821
=008  240105s1960\\\\||||||||\||||\00|\j\dut\d
=041  \\$adut$hita
=100  \\$aBasile, Giambattista$d1583-1632$1http://www.wikidata.org/entity/Q555291$4aut$99408
=245  \\$aDe Pentamerone:$bDe beroemde verzameling Italiaanse volksverhalen
=260  \\$aAmsterdam$bMeulenhoff$c1960
=520  \\$a'The Pentamerone', subtitled 'Lo cunto de li cunti' ("The Tale of Tales"), is a seventeenth-century Neapolitan fairy tale collection by Italian poet and courtier Giambattista Basile. The stories were collected by Basile and published posthumously in two volumes by his sister Adriana in Naples, Italy, in 1634 and 1636 under the pseudonym Gian Alesio Abbatutis. These stories were later adapted by Charles Perrault and the Brothers Grimm, the latter making extensive, acknowledged use of Basile's collection. Examples of this are versions of Cinderella, Rapunzel, Puss in Boots, Sleeping Beauty, and Hansel and Gretel. 
=534  \\$aOriginally published in 1634-6
=648  \0$a17th Century (1601-1700)$1http://www.wikidata.org/entity/Q7016$920923
=650  \0$aFairy tale$1http://www.wikidata.org/entity/Q699$94594
=650  \0$aShort story$1http://www.wikidata.org/entity/Q49084$925095
=651  \0$aNaples (Italy)$1http://www.wikidata.org/entity/Q2634$921
=700  \\$aValkhoff, R.$4trl$926936
=765  \\$aPentamerone overo Lo cunto de li cunti 
=942  \\$cBOO
=952  \\$00$10$2ddc$40$6LIT_BASI_A$70$8LIT$95820$aORPH$bORPH$cKM12_2_H$d2020-07-08$eKoopman$i40B26$oLIT BASI a$p20120307$r2021-01-12 00:00:00$w2021-01-12$yBOO
=999  \\$d5821

