=LDR  01102aam a2200241   4500
=001  5822
=005  20250925143257.0
=008  211108s1962\\\\-uka||||\||||\00|\0\eng\d
=041  \\$aeng
=100  \\$aBate, Philip$4aut$1http://www.wikidata.org/entity/Q7183189$99409
=245  \\$aThe Oboe.$bAn Outline of its History, Development and Construction
=260  \\$aLondon$bBenn$c1962
=300  \\$a195 pages
=490  \\$aInstruments of the Orchestra
=648  \0$a18th Century (1701-1800)$1http://www.wikidata.org/entity/Q7015$920899
=648  \0$a19th Century (1801-1900)$1http://www.wikidata.org/entity/Q6955$920935
=648  \0$a20th Century (1901-2000)$1http://www.wikidata.org/entity/Q6927$920936
=650  \0$aOboe$1http://www.wikidata.org/entity/Q8377$91905
=650  \0$aOrganology$1http://www.wikidata.org/entity/Q899293$921400
=650  \0$aMusic history$1http://www.wikidata.org/entity/Q846047$921373
=942  \\$cBOO
=952  \\$00$10$2ddc$40$6INS_6_000000000000000_3A$70$8INS$95821$aORPH$bORPH$cKTS0$d2020-07-08$eKoopman$i21B60$oINS6.3a$p20128382$r2021-01-12 00:00:00$w2021-01-12$yBOO
=999  \\$d5822

