=LDR  01674acm a2200289   4500
=001  5824
=008  220824s1967\\\\|||||l||\||||\00|\0\eng\d
=041  \\$aeng
=100  \\$aStevens, Denis$d1922-2004$4edt$914232
=245  \\$aThe Penguin Book of English Madrigals$bfor four voices
=260  \\$aMiddlesex$bPenguin$c1967
=648  \0$a16th Century (1501-1600)$1http://www.wikidata.org/entity/Q7017$920944
=648  \0$a17th Century (1601-1700)$1http://www.wikidata.org/entity/Q7016$920923
=650  \0$aMadrigal$1http://www.wikidata.org/entity/Q193217$921649
=651  \0$aUnited Kingdom$1http://www.wikidata.org/entity/Q21$9273
=700  \\$4cmp$aBateson, Thomas$d1570-1630$1http://www.wikidata.org/entity/Q3524896$99411
=700  \\$4cmp$aBennet, John$dc. 1570/75-1614/15$1http://www.wikidata.org/entity/Q374718$924736
=700  \\$4cmp$aByrd, William$d1539/40-1623$1http://www.wikidata.org/entity/Q208375$910065
=700  \\$4cmp$aFarmer, John$dc. 1570-1601$1http://www.wikidata.org/entity/Q510683$924737
=700  \\$4cmp$aFarnaby, Giles$dc. 1565-1640$1http://www.wikidata.org/entity/Q1343764$97377
=700  \\$4cmp$aMorley, Thomas$d1557-?1603$1http://www.wikidata.org/entity/Q438141$95578
=700  \\$4cmp$aMundy, John$d?-1630$1http://www.wikidata.org/entity/Q3809503$97378
=700  \\$4cmp$aPilkington, Francis$dc. 1665-1638$1http://www.wikidata.org/entity/Q2462847$924739
=700  \\$4cmp$aWilbye, John$d1574-1638$1http://www.wikidata.org/entity/Q682089$96252
=942  \\$cSCO
=952  \\$00$10$2ddc$40$6SCO_S_STEV$70$8SCO$95823$aORPH$bORPH$cKTS1_H$d2020-07-08$eKoopman$i32G35$l0$oSCO S STEV$p20122789$r2021-01-12 00:00:00$w2021-01-12$ySCO$OKoopman
=999  \\$d5824

