=LDR  01043cam a2200253 a 4500
=001  5826
=005  20250120120340.0
=008  990630s1999\\\\fr\af\\\\bd\\\001\0\fre\d
=035  \\$a(DLC)   99222040
=010  \\$a   99222040 
=020  \\$a2035080142
=035  \\$a(OCoLC)41506033
=040  \\$aTZT$bZCU$cDLC$dDLC
=100  \\$aBattesti, Jean-Pierre$99413
=245  10$aTout Racine /$cJean-Pierre Battesti, Jean-Charles Chauvet ; préface de Christian Biet.
=260  \\$aParis :$bLarousse,$c1999.
=300  \\$axxx, 663 p., [16] p. of plates :$bill. ;$c25 cm.
=504  \\$aIncludes bibliographical references (p. 657-663) and indexes.
=600  \0$aRacine, Jean$d1639-1699$1http://www.wikidata.org/entity/Q742$95767
=600  \0$aRacine, Jean$d1639-1699$1http://www.wikidata.org/entity/Q742$95767
=700  \\$aChauvet, Jean-Charles$99416
=942  \\$cBOO
=952  \\$00$10$2ddc$40$6BIO_RACI_C$70$8BIO$95825$aORPH$bORPH$cKTS1_P$d2020-07-08$eKoopman$i47D29$oBIO RACI c$p20123686$r2021-01-12 00:00:00$w2021-01-12$yBOO$OKoopman
=999  \\$c5826$d5826

