=LDR  01328aam a2200277   4500
=001  5829
=005  20251003085456.0
=008  230217s1988\\\\|||oa|||\c|||\00|\0\dut\d
=041  \\$adut
=245  \\$a Zilver uit de Gouden Eeuw van Antwerpen.$b10 november 1988 - 15 januari 1989, Rockoxhuis Antwerpen
=260  \\$aAntwerp$bRubenshuis$c1988
=300  \\$a157 pages
=490  \\$aAntwerps zilver
=500  \\$aIn one box with 'Antwerps huiszilver uit de 17e en 18e eeuw'
=648  \0$a17th Century (1601-1700)$1http://www.wikidata.org/entity/Q7016$920923
=648  \0$a16th Century (1501-1600)$1http://www.wikidata.org/entity/Q7017$920944
=650  \0$aApplied arts$1http://www.wikidata.org/entity/Q2865882$921627
=650  \0$aCatalogue$1http://www.wikidata.org/entity/Q2352616$1http://www.wikidata.org/entity/Q6941730$921484
=650  \0$aExhibition$1http://www.wikidata.org/entity/Q464980$925353
=651  \0$aAntwerp (Belgium)$1http://www.wikidata.org/entity/Q12892$920974
=700  \\$4aut$99418$aBaudouin, P.
=700  \\$4aut$925746$aClaessens-Peré, A. M.
=700  \\$4aut$925747$aHemeldonck, G. van
=942  \\$cBOO
=952  \\$00$10$2ddc$40$6TOP_BE_ANT_5_000000000000000$70$8TOP$95828$aORPH$bORPH$cKTS0$d2020-07-08$eKoopman$i31G05$l0$oTOP BE.ANT 5$p20121031$r2021-01-12 00:00:00$w2021-01-12$yBOO$OKoopman
=999  \\$d5829

