=LDR  00961aam a2200205   4500
=001  5831
=008  221010s1962\\\\||||||||\||||\00|\0\ger\d
=041  \\$ager
=100  \\$aBauer, E.$4aut$99420
=245  \\$aDie Klaviersuite Johann Jakob Frobergers
=260  \\$aSaarland$bUniversität des Saarlandes$c1962
=590  \\$aInauguraldissertation ... der Universität des Saarlandes
=600  \0$aFroberger, Johann Jacob$d1616-1667$1http://www.wikidata.org/entity/Q60724$914063
=648  \0$a17th Century (1601-1700)$1http://www.wikidata.org/entity/Q7016$920923
=650  \0$aKeyboard music$1http://www.wikidata.org/entity/Q105715630$921412
=650  \0$aSuite$1http://www.wikidata.org/entity/Q203005$921718
=651  \0$aGermany$1http://www.wikidata.org/entity/Q183$9155
=942  \\$cBOO
=952  \\$00$10$2ddc$40$6BIO_FROB2_E$70$8BIO$95830$aORPH$bORPH$cKTS1_P$d2020-07-08$eKoopman$i25B28$l0$oBIO FROB2 e$p20129196$r2021-01-12 00:00:00$w2021-01-12$yBOO$OKoopman
=999  \\$d5831

