=LDR  01175cam a2200277 a 4500
=001  5832
=005  20250121142120.0
=008  830301s1982\\\\gw\a\\\\\b\\\\000\0\ger\\
=020  \\$a3921518644
=040  \\$aOI
=041  \\$ager
=100  \\$aBauer, Hans-Joachim$4aut$99421
=245  10$aBarockoper in Bayreuth
=260  \\$aLaaber$bLaaber-Verlag$c1982
=300  \\$a261 pages$billustrations$c24 cm
=490  \\$aThurnauer Schriften zum Musiktheater$v7
=504  \\$aBibliography: p. 237-261.
=648  \0$a17th Century (1601-1700)$1http://www.wikidata.org/entity/Q7016$920923
=648  \0$a18th Century (1701-1800)$1http://www.wikidata.org/entity/Q7015$920899
=650  \0$aMusic history$1http://www.wikidata.org/entity/Q846047$921373
=650  \0$aTheater history$1http://www.wikidata.org/entity/Q1061140$94607
=650  \0$aOpera$1http://www.wikidata.org/entity/Q1344$92468
=651  \0$aBayreuth (Germany)$1http://www.wikidata.org/entity/Q3923$925135
=942  \\$cBOO
=952  \\$00$10$2ddc$40$6TOP_DE_BAY_5_000000000000000$70$8TOP$95831$aORPH$bORPH$cKTS0$d2020-07-08$eKoopman$i20F07$l0$oTOP DE.BAY 5$p20128143$r2021-01-12 00:00:00$w2021-01-12$yBOO$OKoopman
=999  \\$d5832

