=LDR  01238aam a2200265   4500
=001  5833
=008  221010s1983\\\\|||gh|||\||||\00|\0\ger\d
=020  \\$a3921518768
=041  \\$ager$dita
=059  \\$avv orch
=100  \\$aWilhelmine von Bayreuth$d1709-1758$1http://www.wikidata.org/entity/Q237740$4cmp$97944
=245  \\$aRokoko-Oper in Bayreuth:$b"Argenore" der Markgräfin Wilhelmine
=260  \\$aLaaber$bLaaber-Verlag$c1983
=300  \\$a40-[168] pages
=490  \\$aThurnauer Schriften zum Musiktheater$v8
=500  \\$aFacsimile edition of the opera Argnenore, Bayreuth, 1740
=600  \0$aWilhelmine von Bayreuth$d1709-1758$1http://www.wikidata.org/entity/Q237740$97944
=648  \0$a18th Century (1701-1800)$1http://www.wikidata.org/entity/Q7015$920899
=650  \0$aOpera$1http://www.wikidata.org/entity/Q1344$92468
=651  \0$aBayreuth (Germany)$1http://www.wikidata.org/entity/Q3923$925135
=700  \\$aBauer, Hans-Joachim$4edt$4wam$99421
=700  \\$aGalletti, Giavanni Andrea$d1710-1784$4lbt$939806
=942  \\$cSCO
=952  \\$00$10$2ddc$40$6TOP_DE_BAY_5_000000000000000$70$8TOP$95832$aORPH$bORPH$cKTS0$d2020-07-08$eKoopman$i20F08$l0$oTOP DE.BAY 5$p20128142$r2021-01-12 00:00:00$w2021-01-12$ySCO$OKoopman
=999  \\$d5833

