=LDR  01152aam a2200253   4500
=001  5834
=008  230722s1976\\\\|||oaf||\||||\001\0\ger\d
=041  \\$ager
=100  \\$aBaur, C.$99423$4aut
=245  \\$aUnbekanntes Barock Ottobeuren
=260  \\$aStuttgart$aZürich$bBelsen$c1976
=300  \\$a136 pages
=610  \0$1http://www.wikidata.org/entity/Q702001$aBenediktiner-Abtei Ottobeuren (Germany)$91344
=610  \0$1http://www.wikidata.org/entity/Q131132$aBenedictines$921364
=650  \0$1http://www.wikidata.org/entity/Q44613$aMonastery$926216
=650  \0$1http://www.wikidata.org/entity/Q12271$aArchitecture$93185
=650  \0$1http://www.wikidata.org/entity/Q179232$aInterior design$921367
=650  \0$1http://www.wikidata.org/entity/Q219625$aFine art$921579
=650  \0$1http://www.wikidata.org/entity/Q1444$aOrgan$92810
=651  \0$1http://www.wikidata.org/entity/Q532455$aOttobeuren (Germany)$924014
=700  \\$aSeidel, Max$4pht$939969
=942  \\$cBOO
=952  \\$00$10$2ddc$40$6TOP_DE_OTT$70$8TOP$95833$aORPH$bORPH$cKTS0$d2020-07-08$eKoopman$i20G17$l0$oTOP DE.OTT$p20128171$r2021-01-12 00:00:00$w2021-01-12$yBOO$OKoopman
=999  \\$d5834

