=LDR  01207cam a2200265 i 4500
=001  5835
=005  20250120120619.0
=008  131209s2000\\\\\\\\\\\\\\\\\\000\0\dut\c
=020  \\$a9789065501714
=040  \\$aOI
=041  \\$adut
=100  \\$4aut$aBaute, David$d1588-1657$1http://www.wikidata.org/entity/Q52154025$923461
=245  00$aCort relaas sedert den jare 1609:$bde avonturen van een Zeeuws koopman in Spanje tijdens de Tachtigjarige Oorlog
=260  \\$aHilversum$bVerloren$c2000
=490  1\$aEgodocumenten$v20
=648  \0$a17th Century (1601-1700)$1http://www.wikidata.org/entity/Q7016$920923
=650  \0$aEighty Years' War (1568-1648)$1http://www.wikidata.org/entity/Q164432$923273
=650  \0$aTranslation$1http://www.wikidata.org/entity/Q7553$92492
=650  \0$aMaritime transport$1http://www.wikidata.org/entity/Q155930$924925
=650  \0$aDiary$1http://www.wikidata.org/entity/Q185598$921711
=651  \0$aSpain$1http://www.wikidata.org/entity/Q29$920983
=700  \\$aKuiper, Robert$4edt$923462
=942  \\$cBOO
=952  \\$00$10$2ddc$40$6BIO_BAUT_A$70$8BIO$95834$aORPH$bORPH$cKTS1_P$d2020-07-08$eKoopman$i28D14$oBIO BAUT a$p20123595$r2021-01-12 00:00:00$w2021-01-12$yBOO
=999  \\$d5835

