=LDR  01353aam a2200241   4500
=001  5836
=008  211123s1909\\\\\\\h||||\||||\00|\0cfre\d
=041  \\$afre
=100  \\$aBaux, Emile$4aut$940399
=245  \\$aNotes et documents inédits sur l'Opéra-Comique et quelques-uns de ses artistes pendant la Révolution
=260  \\$aParis$bFischbacher$c1909
=300  \\$b3 facsimiles of autographs, folded pages$a46 pages
=500  \\$aShort biographies of Louis Narbonne,  Paulin, Thomas Philippe Menier, Auguste-Alexandre d'Herbez, dite Saint-Aubin, Jean-Pierre, Soulier, dite Solié and Barthélemy-André Camerani
=610  \0$aOpéra-Comique (Paris, France)$1http://www.wikidata.org/entity/Q872222$920953
=648  \0$a18th Century (1701-1800)$1http://www.wikidata.org/entity/Q7015$920899
=650  \0$aOpera$1http://www.wikidata.org/entity/Q1344$92468
=650  \0$aSinger$1http://www.wikidata.org/entity/Q177220$93915
=650  \0$aBiography$1http://www.wikidata.org/entity/Q36279$91927
=650  \0$aFrench Revolution (1789-1799)$1http://www.wikidata.org/entity/Q6534$925608
=651  \0$aParis (France)$1http://www.wikidata.org/entity/Q90$9160
=942  \\$cBOO
=952  \\$00$10$2ddc$40$6TOP_FR_PAR_5_000000000000000$70$8TOP$95835$aORPH$bORPH$cKTS0$d2020-07-08$eKoopman$i33D36$oTOP FR.PAR 5$p20122712$r2021-01-12 00:00:00$w2021-01-12$yBOO
=999  \\$d5836

