=LDR  00415    a2200109   4500
=001  5837
=100  \\$aBaxter, Richard$d1615-1691$1http://www.wikidata.org/entity/Q680070$99429
=245  \\$aThe autobiography of Richard Baxt
=260  \\$c1931
=942  \\$cBOO
=952  \\$00$10$2ddc$40$6BIO_BAXT1_A$70$8BIO$95836$aORPH$bORPH$cKTS1_P$d2020-07-08$eKoopman$i44E10$oBIO BAXT1 a$p20126587$r2021-01-12 00:00:00$w2021-01-12$yBOO
=999  \\$c5837$d5837

