=LDR  01155cam a22002771  4500
=001  5838
=005  20250121142120.0
=008  700316s1968\\\\enkah\\\\b\\\\000\0\eng\\
=040  \\$aOI
=041  1\$aeng$hfre
=100  \\$aBazin, Germain$d1901-1990$4aut$1http://www.wikidata.org/entity/Q544531$99430
=245  14$aThe Baroque: $cPrinciples, Styles, Modes, Themes
=260  \\$aLondon,$bThames & Hudson,$c1968.
=300  \\$a372 p.$billus. (incl. 24 col.), facsims.$c26 cm.
=350  \\$a8/8/-
=504  \\$aBibliography: p. 357.
=534  \\$aOriginally published in 1965
=648  \0$a17th Century (1601-1700)$1http://www.wikidata.org/entity/Q7016$920923
=648  \0$a18th Century (1701-1800)$1http://www.wikidata.org/entity/Q7015$920899
=650  \0$aFine art$1http://www.wikidata.org/entity/Q219625$921579
=650  \0$aBaroque$1http://www.wikidata.org/entity/Q37853$921255
=700  \\$4trl$aWardroper, Pat$921051
=765  \\$aBaroque et rococo
=942  \\$cBOO
=952  \\$00$10$2ddc$40$6VIS_BAZI$70$8VIS$95837$aORPH$bORPH$cKTS1_H$d2020-07-08$eKoopman$i31C28$l1$m2$oVIS BAZI$p20123241$r2021-06-24 00:00:00$s2021-03-24$w2021-01-12$yBOO
=999  \\$d5838

