=LDR  00404    a2200121   4500
=001  5839
=020  \\$a9783957380661
=100  \\$aBeatis, A. de$99431
=245  \\$aDie Reise des Kardinal Luigi d'Aragona
=260  \\$c2013
=942  \\$cBOO
=952  \\$00$10$2ddc$40$6BIO_LUIG_E$70$8BIO$95838$aORPH$bORPH$cKTS1_P$d2020-07-08$eKoopman$i46D37$oBIO LUIG e$p20127670$r2021-01-12 00:00:00$w2021-01-12$yBOO$OKoopman
=999  \\$c5839$d5839

