=LDR  00833aam a2200205   4500
=001  5840
=008  231207s1983\\\\gw\af|||\||||\00|\0\ger\d
=020  \\$a39223348010
=041  \\$ager
=245  \\$aExlibris aus 6 Jahrhunderten.$b10000 Exlibris mit 1540 Abbildungen. Gelegenheitgraphik, Exlibrisliteratur, Druckstöcke
=260  \\$c1983$aHannover$bGalerie J.H. Bauer
=300  \\$a526 pages
=650  \0$aBookplate$926750
=650  \0$aCollecting$1http://www.wikidata.org/entity/Q208165$92117
=700  \\$aBauer, Jens-Heiner$4win$926813
=700  \\$aHieronimus, Ekkehard$4edt$926811
=700  \\$aBeaujean, Marion$4edt$926812
=942  \\$cBOO
=952  \\$00$10$2ddc$40$6BIB_1_000000000000000_BAUE$70$8BIB$95839$aORPH$bORPH$cKTS0$d2020-07-08$eKoopman$i31D09$l0$oBIB1 BAUE$p20121077$r2021-01-12 00:00:00$w2021-01-12$yBOO$OKoopman
=999  \\$d5840

