=LDR  01271pam a2200277 a 4500
=001  5841
=005  20250120120357.0
=008  891005s1990\\\\oruacfg\\bk\\\001\0beng\\
=020  \\$a0931340276
=040  \\$aOI
=041  1\$aengfre
=100  \\$aBeaussant, Philippe$99433
=240  10$9338$aFrançois Couperin.$lEnglish
=245  10$aFrançois Couperin /$cPhilippe Beaussant ; translated from the French by Alexandra Land ; musical examples transcribed by Dominique Visse ; Reinhard G. Pauly, general editor.
=260  \\$aPortland, Or. :$bAmadeus Press,$cc1990.
=300  \\$a422 p., [4] p. of plates :$bill., ports., music ;$c24 cm.
=504  \\$aIncludes bibliographical references (p. 407-413)
=504  \\$aDiscography: p. 414-416.
=600  \0$aCouperin, François$d1668-1733$1http://www.wikidata.org/entity/Q50186$96241
=650  \0$aComposer$1http://www.wikidata.org/entity/Q36834$93625
=700  \\$aPauly, Reinhard G.$99435
=942  \\$cBOO
=952  \\$00$10$2ddc$40$6BIO_COUP_D$70$8BIO$95840$aORPH$bORPH$cKTS1_P$d2020-07-08$eKoopman$i23B28$oBIO COUP d$p20128531$r2021-01-12 00:00:00$w2021-01-12$yBOO$OKoopman
=999  \\$c5841$d5841
=651  \0$aFrance$1http://www.wikidata.org/entity/Q142$9131
=650  \0$aBiography$1http://www.wikidata.org/entity/Q36279$91927

