=LDR  01127cam a2200265 i 4500
=001  5842
=005  20250120120357.0
=008  820330s1980\\\\fr\cfgj\\bck\\001\0bfre\\
=015  \\$aF***
=020  \\$a2213008965 :$c136F
=040  \\$aOI
=100  \\$aBeaussant, Philippe$99433
=245  00$aFrançois Couperin /$cPhilippe Beaussant ; les exemples musicaux ont été transcrits par Dominique Visse.
=260  \\$aParis :$bFayard,$cc1980.
=300  \\$a596 p., [2] leaves of plates :$bports., music, gen. tabs. ;$c23 cm.
=504  \\$aBibliography: p. 569-579.
=504  \\$aDiscography: p. 577-579.
=500  \\$aIncludes indexes.
=600  \0$aCouperin, François$d1668-1733$1http://www.wikidata.org/entity/Q50186$96241
=650  \0$aComposer$1http://www.wikidata.org/entity/Q36834$93625
=942  \\$cBOO
=952  \\$00$10$2ddc$40$6BIO_COUP_D$70$8BIO$95841$aORPH$bORPH$cKTS1_P$d2020-07-08$eKoopman$i43G30$l0$oBIO COUP d$p20126776$r2021-01-12 00:00:00$w2021-01-12$yBOO$OKoopman
=999  \\$c5842$d5842
=651  \0$aFrance$1http://www.wikidata.org/entity/Q142$9131
=650  \0$aBiography$1http://www.wikidata.org/entity/Q36279$91927

