=LDR  02757nam a2200289 a 4500
=001  5845
=005  20250605143917.0
=008  931101s1993\\\\ne\\\\\\\b\\\\001\0adut\\
=020  \\$a9065501134
=040  \\$aOI
=041  \\$adut
=100  \\$aBeck, David$d1594-1634$1http://www.wikidata.org/entity/Q55937805$4aut$99438
=245  10$aSpiegel van mijn leven:$been Haags dagboek uit 1624
=260  \\$aHilversum$bVerloren$c1993
=300  \\$a297 pages$c22 cm
=490  \\$aEgodocumenten$v3
=504  \\$aIncludes bibliographical references and index.
=520  \\$aDavid Beck, geboren in Keulen in 1594, kwam in 1617 naar Den Haag, met familieleden en vrienden die net als hij overgegaan waren tot het gereformeerde geloof. Hij verdiende er de kost als onderwijzer op een school en trouwde in 1618 met Roeltje van Belle. Ze kregen drie kinderen. Bij de geboorte van de derde, in december 1623, overleed Roeltje.

De jonge weduwnaar was ontroostbaar: hij voelde zich verdrietig en eenzaam. Speciaal voor zijn kinderen hield hij in het hele jaar 1624 een dagboek bij, dat hij ‘een spiegel van mijn leven’ (de weergave, optekening van mijn leven) noemde. Beck maakte van dit dagboek later waarschijnlijk meerdere afschriften, één ervan bestaat nog. Het is geschreven in kleine, moeilijk leesbare priegelletters en wordt bewaard in het Haagse Gemeentearchief.

Beck vertelt ons veel over zijn wereld, de wereld van een hard werkende burger met een levendige culturele belangstelling. Elke dag begint hij met een terugblik op het weer, dan komen de belevenissen, zoals ontmoetingen en mededelingen over sterfgevallen en huwelijken, bezigheden op het werk en in de vrije tijd. Ook algemeen nieuws komt regelmatig aan de orde; waarschijnlijk heeft Beck dit bij het overschrijven nog aangevuld. In de eerste wintermaanden is Beck vooral binnenshuis, later wandelt hij veel in en rondom Den Haag. Eerst is hij erg verdrietig, maar na een paar maanden gaat hij weer muziek maken en probeert de eenzaamheid te verdrijven met viool, fluit en het zingen van psalmen. Hij leest veel – soms tot diep in de nacht – en schildert af en toe.
=590  \\$aingeleid en van aantekeningen voorzien door Sv. E. Veldhuijzen.
=648  \0$a17th Century (1601-1700)$1http://www.wikidata.org/entity/Q7016$920923
=650  \0$aDiary$1http://www.wikidata.org/entity/Q185598$921711
=650  \0$aCultural history$1http://www.wikidata.org/entity/Q858517$922395
=651  \0$aThe Hague (Netherlands)$1http://www.wikidata.org/entity/Q36600$910
=700  \\$aVeldhuijzen, Sv. E.$99440$4edt
=942  \\$cBOO
=952  \\$00$10$2ddc$40$6BIO_BECK1_A$70$8BIO$95844$aORPH$bORPH$cKTS1_P$d2020-07-08$eKoopman$i21D51$oBIO BECK1 a$p20128251$r2021-01-12 00:00:00$w2021-01-12$yBOO
=999  \\$d5845

