=LDR  01206cam a2200289 a 4500
=001  5846
=005  20250120120548.0
=008  141219s2014\\\\ne\a\\\\\\\\\\001\0adut\d
=010  \\$a  2015386693
=020  \\$a9789087044367
=020  \\$a9087044364
=040  \\$aOI
=041  \\$adut
=100  \\$aBeck, David$d1594-1634$1http://www.wikidata.org/entity/Q55937805$4aut$99438
=245  10$aMijn voornaamste daden en ontmoetingen:$bdagboek van David Beck Arnhem 1627-1628
=260  \\$aHilversum$bVerloren$c2014
=300  \\$a240 pages$billustrations$c22 cm
=490  1\$aEgodocumenten$v31
=504  \\$aIncludes index.
=648  \0$a17th Century (1601-1700)$1http://www.wikidata.org/entity/Q7016$920923
=650  \0$aDiary$1http://www.wikidata.org/entity/Q185598$921711
=650  \0$aCultural history$1http://www.wikidata.org/entity/Q858517$922395
=651  \0$aArnhem (Netherlands)$1http://www.wikidata.org/entity/Q12269651$923740
=700  \\$aBlaak, Jeroen$1http://www.wikidata.org/entity/Q98121093$4edt$915236
=942  \\$cBOO
=952  \\$00$10$2ddc$40$6BIO_BECK1_A$70$8BIO$95845$aORPH$bORPH$cKTS1_P$d2020-07-08$eKoopman$i47E23$oBIO BECK1 a$p20123644$r2021-01-12 00:00:00$w2021-01-12$yBOO
=999  \\$d5846

