=LDR  00727    a2200181   4500
=001  5847
=008  220512s1968\\\\|||g||||\||||\00|\0\ger\d
=041  \\$ager
=100  \\$aBeck, Hermann$d1929-1980$4aut$914944
=245  \\$aDie Venezianische Musikerschule im 16. Jahrhundert
=260  \\$aWilhelmshaven$bHeinrichshofen$c1968
=300  \\$a52 pages
=648  \0$a16th Century (1501-1600)$1http://www.wikidata.org/entity/Q7017$920944
=650  \0$aEducation$926206
=651  \0$aVenice (Italy)$1http://www.wikidata.org/entity/Q641$91
=942  \\$cBOO
=952  \\$00$10$2ddc$40$6TOP_IT_VEN1_4_000000000000000$70$8TOP$95846$aORPH$bORPH$cKTS0$d2020-07-08$eKoopman$i20F11$oTOP IT.VEN1 4$p20128139$r2021-01-12 00:00:00$w2021-01-12$yBOO
=999  \\$d5847

