=LDR  00867    a2200205   4500
=001  5848
=008  211118s1991\\\\\\\|||||\||||\00|\0\fre\d
=020  \\$a2909371018
=041  \\$afre
=100  \\$aVarious$4aut$94793
=245  \\$aOrgues Silbermann d'Alsace.$bItinéraire commenté
=260  \\$aStrasbourg$bConseil Régional d'Alsace$c1991
=300  \\$a128 pages
=610  \0$aSilbermann family$1http://www.wikidata.org/entity/Q37530187$922521
=648  \0$a18th Century (1701-1800)$1http://www.wikidata.org/entity/Q7015$920899
=650  \0$aOrgan$1http://www.wikidata.org/entity/Q1444$92810
=651  \0$aAlsace (France)$1http://www.wikidata.org/entity/Q1142$922946
=942  \\$cBOO
=952  \\$00$10$2ddc$40$6INS_3_000000000000000_1B_SILB$70$8INS$95847$aORPH$bORPH$cKTS0$d2020-07-08$eKoopman$i31E09$oINS3.1b SILB$p20123222$r2021-01-12 00:00:00$w2021-01-12$yBOO
=999  \\$d5848

