=LDR  00844aam a2200205   4500
=001  5849
=005  20251027150557.0
=008  251027s1999\\\\|||af|||\||||\00|\0\dut\d
=041  \\$adut
=100  \\$aBeck, James H.$d1930–2007$1http://www.wikidata.org/entity/Q1680022$99443
=245  \\$aItaliaanse Renaissanceschilderkunst
=260  \\$c1999$aCologne$bKönemann
=300  \\$a514 pages
=648  \0$aRenaissance (1400-1600)$1http://www.wikidata.org/entity/Q4692$920965
=650  \0$aFine art$1http://www.wikidata.org/entity/Q219625$921579
=651  \0$aItaly$1http://www.wikidata.org/entity/Q38$922
=765  \\$aItalian Renaissance Painting
=942  \\$cBOO
=952  \\$00$10$2ddc$40$6TOP_IT_4_000000000000000$70$8TOP$95848$aORPH$bORPH$cKTS0$d2020-07-08$eKoopman$i29F6$l0$oTOP IT 4$p20121276$r2021-01-12 00:00:00$w2021-01-12$yBOO$OKoopman
=999  \\$d5849

