=LDR  01195aam a2200253   4500
=001  5850
=005  20250925143257.0
=008  231207s1999\\\\|||ao|||\||||\00|\0\ger\d
=041  \\$ager
=100  \\$aBeck, Otto$d1932-2007$1http://www.wikidata.org/entity/Q112300671$4aut$99444
=245  \\$aEin Wegbegleiter zu den geistlichen Stätten der Stadt Pfullendorf
=260  \\$c1999$aPassau$bPeda
=300  \\$a44 pages
=648  \0$a20th Century (1901-2000)$1http://www.wikidata.org/entity/Q6927$920936
=650  \0$aReligion$1http://www.wikidata.org/entity/Q9174$93062
=650  \0$aCultural history$1http://www.wikidata.org/entity/Q858517$922395
=650  \0$aFine art$1http://www.wikidata.org/entity/Q219625$921579
=650  \0$aTravel$1http://www.wikidata.org/entity/Q61509$94440
=650  \0$aChurch$1http://www.wikidata.org/entity/Q16970$93776
=650  \0$aArchitecture$1http://www.wikidata.org/entity/Q12271$93185
=651  \0$aPfullendorf (Germany)$1http://www.wikidata.org/entity/Q82917$924056
=942  \\$cBOO
=952  \\$00$10$2ddc$40$6TOP_DE_PFU$70$8TOP$95849$aORPH$bORPH$cKTS0$d2020-07-08$eKoopman$i33E34$l0$oTOP DE.PFU$p20130317$r2021-01-12 00:00:00$w2021-01-12$yBOO$OKoopman
=999  \\$d5850

