=LDR  01122aam a2200229   4500
=001  5851
=008  250822s1961\\\\|||g||||\m|||\00|\0deng\d
=041  \\$aeng
=100  \\$aBeck, Th. A.$99445$4aut
=245  \\$aThe Organ Chorales of Johann Gottfried Walther:$bAn Analysis of Style
=260  \\$aEvanston, IL$bNorthwestern University$c1961
=500  \\$aBound print of PhD dissertation
=600  \0$aWalther, Johann Gottfried$d1684-1748$1http://www.wikidata.org/entity/Q61716$915404
=648  \0$a18th Century (1701-1800)$1http://www.wikidata.org/entity/Q7015$920899
=650  \0$aOrgan music$1http://www.wikidata.org/entity/Q116958279$91951
=650  \0$aChorale$1http://www.wikidata.org/entity/Q724473$921334
=650  \0$aMusical analysis$1http://www.wikidata.org/entity/Q1544924$92775
=650  \0$aMusical style$1http://www.wikidata.org/entity/Q11921029$92421
=651  \0$aGermany$1http://www.wikidata.org/entity/Q183$9155
=942  \\$cBOO
=952  \\$00$10$2ddc$40$6BIO_WALT2_E$70$8BIO$95850$aORPH$bORPH$cKTS1_P$d2020-07-08$eKoopman$i29D73$oBIO WALT2 e$p20121297$r2021-01-12 00:00:00$w2021-01-12$yBOO$OKoopman
=999  \\$d5851

