=LDR  01416cam a2200313 a 4500
=001  5852
=005  20250121142120.0
=008  990202s1998\\\\gw\ag\\\\bc\\\000\0\gersd
=010  \\$a   99168679 
=020  \\$a3932090268
=040  \\$aOI
=041  \\$ager
=100  \\$4aut$aBecker, Hans-Jürgen$922315
=245  00$aTelemann und Frankreich:$bEine Erzählung
=260  \\$aOschersleben$bZiethen$c1998
=300  \\$a48 pages
=500  \\$a"Das Katalogbuch begleitet die vom 12. März bis 26. April 1998 im Kunstmuseum Kloster Unser Lieben Frauen Magdeburg gezeigte Ausstellung"--P. 175.
=504  \\$aIncludes bibliographical references.
=561  \\$aHandwritten dedication by the author to Ton Koopman
=590  \\$amit fünf Aquarellen von Hans-Jürgen Becker
=600  \0$aTelemann, Georg Philipp$d1681-1767$1http://www.wikidata.org/entity/Q75854$99287
=648  \0$a18th Century (1701-1800)$1http://www.wikidata.org/entity/Q7015$920899
=650  \0$aComposer$1http://www.wikidata.org/entity/Q36834$93625
=650  \0$aInfluence$1http://www.wikidata.org/entity/Q1307337$922289
=650  \0$aFine art$1http://www.wikidata.org/entity/Q219625$921579
=651  \0$aParis (France)$1http://www.wikidata.org/entity/Q90$9160
=942  \\$cBOO
=952  \\$00$10$2ddc$40$6BIO_TELE_E$70$8BIO$95851$aORPH$bORPH$cKTS1_P$d2020-07-08$eKoopman$i22C54$oBIO TELE e$p20125672$r2021-01-12 00:00:00$w2021-01-12$yBOO
=999  \\$d5852

