=LDR  01539aam a2200289   4500
=001  5853
=008  250317s1951\\\\|||afg||\b|||\00|\0|ger\d
=041  \\$ager
=100  \\$aBecker-Glauch, Irmgard$d1914-1990$1http://www.wikidata.org/entity/Q94777537$99449$4aut
=245  \\$aDie Bedeutung der Musik für die Dresdener Hoffeste bis in die Zeit Augusts des Starken
=260  \\$c1951$aKassel$bBärenreiter
=300  \\$a124 pages
=490  \\$aMusikwissenschaftliche Arbeiten$v6
=600  \0$aAugust. II$cKing of Poland$d1670-1733$1http://www.wikidata.org/entity/Q53437$911965
=648  \0$a16th Century (1501-1600)$1http://www.wikidata.org/entity/Q7017$920944
=648  \0$a17th Century (1601-1700)$1http://www.wikidata.org/entity/Q7016$920923
=648  \0$a18th Century (1701-1800)$1http://www.wikidata.org/entity/Q7015$920899
=650  \0$aCourt$1http://www.wikidata.org/entity/Q1134237$922191
=650  \0$aPatronage$1http://www.wikidata.org/entity/Q214092$94245
=650  \0$aMusic history$1http://www.wikidata.org/entity/Q846047$921373
=650  \0$aCappella$1http://www.wikidata.org/entity/Q19902156$922910
=650  \0$aOpera$1http://www.wikidata.org/entity/Q1344 $92468
=650  \0$aBallet$1http://www.wikidata.org/entity/Q41425$94412
=651  \0$aDresden (Germany)$1http://www.wikidata.org/entity/Q1731$947
=942  \\$cBOO
=952  \\$00$10$2ddc$40$6TOP_DE_DRE_4_000000000000000$70$8TOP$95852$aORPH$bORPH$cKTS0$d2020-07-08$eKoopman$i20C37$l0$oTOP DE.DRE 4$p20128076$r2021-01-12 00:00:00$w2021-01-12$yBOO$OKoopman
=999  \\$d5853

