=LDR  01121cam a2200265 a 4500
=001  5855
=003  OSt
=005  20250120120028.0
=008  821201s1981\\\\gw\\\\\\\b\\\\001\0\ger\\
=020  \\$a3761806582
=040  \\$aOI
=041  0\$ager$afre$aita
=245  00$aQuellentexte zur Konzeption der europäischen Oper im 17. Jahrhundert
=260  \\$aKassel$aBasel$aLondon$bBärenreiter$c1981
=300  \\$a200 pages$c23 cm.
=490  \\$aMusikwissenschaftliche Arbeiten$v27
=504  \\$aIncludes bibliographical references and indexes.
=590  \\$ain Verbindung mit Wolfgang Osthoff, Herbert Schneider und Hellmuth Christian Wolff hrsg. von Heinz Becker, Redaktion, Reinhold Quandt.
=648  \0$a17th Century (1601-1700)$1http://www.wikidata.org/entity/Q7016$920923
=650  \0$aOpera$1http://www.wikidata.org/entity/Q1344$92468
=700  \\$aBecker, Heinz$d1922-2006$4edt$99451
=700  \\$aQuandt, Reinhold$4edt$99452
=942  \\$cBOO
=952  \\$00$10$2ddc$40$6GEN_16_000000000000000$70$8GEN$95854$aORPH$bORPH$cKM12_1$d2020-07-08$eKoopman$oGEN16$p20128401$r2021-01-12 00:00:00$w2021-01-12$yBOO
=999  \\$c5855$d5855

