=LDR  00739aam a2200181   4500
=001  5856
=005  20251001162312.0
=008  240828s1925\\\\||||||||\||||\00|\0\ger\d
=041  \\$ager
=100  1\$aBeckh, Hermann$d1875-1937$99453$4aut
=245  \\$aVom geistigen Wesen der Tonarten
=260  \\$c1925$aWrocław$bPreuss & Jünger
=300  \\$a39-[1] pages
=648  \0$a20th Century (1901-2000)$1http://www.wikidata.org/entity/Q6927$920936
=650  \0$aMusic philosophy and aesthetics$1http://www.wikidata.org/entity/Q2092865$921165
=942  \\$cBOO
=952  \\$00$10$2ddc$40$6KTS_1_000000000000000_H_09_010$70$8RAR$95855$aORPH$bORPH$cKTS1_H$d2020-07-08$eKoopman$l0$oKTS1 H.09.010$p20128069$r2021-01-12 00:00:00$w2021-01-12$yBOO$OKoopman
=999  \\$d5856

