=LDR  01398cam a2200301 i 4500
=001  5857
=005  20250121142120.0
=008  751202s1975\\\\gw\h\\\\\b\\\\000\0\ger\\
=020  \\$a3921029279 :$cDM60.00
=040  \\$aOI
=041  \\$ager
=100  \\$aBeckmann, Gisela$4aut$99454
=245  14$aDie französische Violinsonate mit Basso continuo von Jean-Marie Leclair bis Pierre Gaviniès
=260  \\$aHamburg$bVerlag der Musikalienhandlung Wagner$c1975
=300  \\$a353 pages$bfacsimiles$c21 cm
=490  \\$aHamburger Beiträge zur Musikwissenschaft$v15
=500  \\$aIncludes music.
=500  \\$aOriginally presented as the author's thesis, Hamburg, 1973.
=504  \\$aBibliography: p. 321-323.
=600  \0$1http://www.wikidata.org/entity/Q348875$aLeclair, Jean-Marie$d1697-1764$94746
=600  \0$1http://www.wikidata.org/entity/Q490205$aGaviniès, Pierre$d1728-1800$97798
=648  \0$1http://www.wikidata.org/entity/Q7015$a18th Century (1701-1800)$920899
=650  \0$aMusic history$1http://www.wikidata.org/entity/Q846047$921373
=650  \0$aSonata$1http://www.wikidata.org/entity/Q131269$921653
=651  \0$aFrance$1http://www.wikidata.org/entity/Q142$9131
=942  \\$cBOO
=952  \\$00$10$2ddc$40$6INS_4_000000000000000_1D_BECK$70$8TOP$95856$aORPH$bORPH$cKTS0$d2020-07-08$eKoopman$i28D10$l0$oINS4.1d BECK$p20123599$r2021-01-12 00:00:00$w2021-01-12$yBOO$OKoopman
=999  \\$d5857

