=LDR  01262cam a2200289 a 4500
=001  5858
=005  20250821130544.0
=008  990710s1999\\\\gw\\\\\\\b\\\\001\0\ger\d
=010  \\$a   99459056 
=020  \\$a3795703581
=041  0\$aeng$dger$efre
=100  \\$aBeckmann, Klaus$4adp$99455
=245  10$aRepertorium Orgelmusik.$bKomponisten, Werke, Editionen. 1150-1998. 41 Länder. Eine Auswahl - A Bio-Bibliographical Index of Organ Music: Composers, Works, Editions. 1150-1998. 41 Countries. a selection
=246  31$aBio-bibliographical index of organ music
=246  31$aCatalogue bio-bibliographique de musique d'orgue
=250  \\$a2. neu bearbeitete und erw. Aufl.
=260  \\$aMainz $aNew York $bSchott$c1999
=300  \\$a995 pages$c25 cm
=336  \\$aprinted
=500  \\$aIncludes index.
=500  \\$aPublisher's no.: ED 9171, BSS 49796.
=650  \0$aOrgan music$1http://www.wikidata.org/entity/Q2003283$91951
=650  \0$aOrgan$1http://www.wikidata.org/entity/Q1444$92810
=650  \0$aEncyclopedia$1http://www.wikidata.org/entity/Q5292$92184
=942  \\$cBOO
=952  \\$00$10$2ddc$40$6INS_3_000000000000000_1A$70$8INS$95857$aORPH$bORPH$cKTS0$d2020-07-08$eKoopman$i24F11$oINS3.1a$p20125884$r2021-01-12 00:00:00$w2021-01-12$yBOO
=999  \\$d5858

