=LDR  00667aam a2200169   4500
=001  5864
=008  250819s1946\\\\||||||||\||||\00|\f\fre\d
=041  \\$afre
=100  \\$aBédier, J.$99458$4edt
=245  \\$aLe Roman de Tristan et Iseut
=260  \\$aParis$bÉdition d'art$c1946
=648  \0$aMiddle Ages (500-1400)$1http://www.wikidata.org/entity/Q12554$920964
=650  \0$aNovel$1http://www.wikidata.org/entity/Q8261$921629
=651  \0$aFrance$1http://www.wikidata.org/entity/Q142$9131
=942  \\$cBOO
=952  \\$00$10$2ddc$40$6LIT_BEDI_A$70$8LIT$95863$aORPH$bORPH$cKM12_2_H$d2020-07-08$eKoopman$i43D49$oLIT BEDI a$p20126482$r2021-01-12 00:00:00$w2021-01-12$yBOO
=999  \\$d5864

