=LDR  00904    a2200205   4500
=001  5865
=008  221104b\\\\\\\\||||||||\||||\00|\0\###\d
=022  \\$a01681893
=041  \\$adut
=100  \\$aBeek, A. van$4aut$99459
=245  \\$aHet orgel in de Pelstergasthuiske te Groningen
=260  \\$c1992$aGroningen$bStichting Groningen Orgelland
=300  \\$a37 pages
=610  \0$aPelstergasthuiskerk (Groningen, Netherlands)$1http://www.wikidata.org/entity/Q2543046$925260
=650  \0$aOrgan$1http://www.wikidata.org/entity/Q1444$92810
=650  \0$aOrganology$1http://www.wikidata.org/entity/Q899293$921400
=651  \0$aGroningen (Netherlands)$1http://www.wikidata.org/entity/Q749$922634
=942  \\$cBOO
=952  \\$00$10$2ddc$40$6INS_3_000000000000000_1E_NL_GRO$70$8INS$95864$aORPH$bORPH$cKTS0$d2020-07-08$eKoopman$i24B38$l0$oINS3.1e NL.GRO$p20128797$r2021-01-12 00:00:00$w2021-01-12$yBOO$OKoopman
=999  \\$d5865

