=LDR  01585cam a22003617a 4500
=001  5867
=005  20250120115942.0
=008  051128s2006\\\\ne\a\\\\\bc\\\001\0ddut\d
=010  \\$a  2007425019
=020  \\$a9040091145
=020  \\$a9789040091148
=035  \\$a(OCoLC)66461457
=035  \\$a(OCoLC)ocm66461457
=040  \\$aNLGGC$cNLGGC$dDLC
=041  0\$adut$beng
=042  \\$alccopycat
=043  \\$ae-ne---
=100  \\$aBeelaerts van Blokland, Willem$99461
=245  13$aDe kasteeltekeningen van Abraham Rademaker /$cWillem Beelaerts van Blokland, Charles Dumas ; met een bijdrage van Hanneke Ronnes ; onder redactie van Charles Dumas.
=260  \\$aZwolle :$bWaanders ;$aWijk bij Duurstede :$bNederlandse Kastelenstichting,$cc2006.
=300  \\$a512 p. :$bill. (some col.) ;$c31 cm.
=546  \\$aIn Dutch with English summary.
=504  \\$aIncludes bibliographical references (p. 463-489) and indexes.
=600  \0$aRademaker, Abraham$d1675-1735$1http://www.wikidata.org/entity/Q2534646$99465
=650  \0$aCastle$1http://www.wikidata.org/entity/Q23413$92088
=650  \0$aCastle$1http://www.wikidata.org/entity/Q23413$92088
=700  \\$aDumas, Charles$99463
=700  \\$aRonnes, Hanneke$99464
=700  \\$aRademaker, Abraham$d1675-1735$1http://www.wikidata.org/entity/Q2534646$99465
=942  \\$cBOO
=952  \\$00$10$2ddc$40$6BIO_RADE1_D$70$8BIO$95866$aORPH$bORPH$cKTS1_P$d2020-07-08$eKoopman$i45F27$oBIO RADE1 d$p20127497$r2021-01-12 00:00:00$w2021-01-12$yBOO$OKoopman
=999  \\$c5867$d5867
=651  \0$aNetherlands$1http://www.wikidata.org/entity/Q55$9173

