=LDR  00924    a2200205   4500
=001  5868
=008  221104s2019\\\\nl\f||||\||||\00|\0\dut\d
=020  \\$a9789080616752
=041  \\$adut
=100  \\$aBeens, Henk$4aut$99466
=245  \\$aOpus 4.$bOrgelgeschiedenis, restauraties en psalmzingen met bovenstem van de hervormde gemeente van Genemuiden
=260  \\$c2019$aGenemuiden$bStichting Stadswacht Genemuiden
=300  \\$a90 pages
=610  \0$aNikolaaskerk (Genemuiden, Netherlands)$925264
=650  \0$aOrgan$1http://www.wikidata.org/entity/Q1444$92810
=650  \0$aOrganology$1http://www.wikidata.org/entity/Q899293$921400
=651  \0$aGenemuiden (Netherlands)$1http://www.wikidata.org/entity/Q81186$925263
=942  \\$cBOO
=952  \\$00$10$2ddc$40$6INS_3_000000000000000_1A_NL_GEN$70$8INS$95867$aORPH$bORPH$cKTS0$d2020-07-08$eKoopman$l0$oINS3.1a NL.GEN$p20130327$r2021-01-12 00:00:00$w2021-01-12$yBOO$OOrpheus
=999  \\$d5868

