=LDR  01314cam a2200301 a 4500
=001  5869
=005  20250217141038.0
=008  990223s1998\\\\gw\agh\\\c\\\\000\0\gersd
=020  \\$a3795209501
=040  \\$aOI
=041  \\$ager
=245  00$aMusikerautographen in Sammlung Helmut Nanz:$bKatalog
=260  \\$aTutzing$bSchneider$c1998
=300  \\$a132 pages$bill. (some col.), facsims., music$c25 cm
=590  \\$aMit einem Vorwort von Axel Beer; Katalogredaktion: Marion Neugebauer, Hans Schneider, Georg Zauner
=600  \0$aNanz, Helmut$99467
=650  \0$aManuscript$1http://www.wikidata.org/entity/Q87167$92275
=650  \0$aLibrary$1http://www.wikidata.org/entity/Q7075$94229
=650  \0$aCollecting$1http://www.wikidata.org/entity/Q208165$92117
=650  \0$aComposer$1http://www.wikidata.org/entity/Q36834$93625
=651  \0$aGermany$1http://www.wikidata.org/entity/Q183$9155
=700  \\$aBeer, Axel$4win$99468
=700  \\$aNeugebauer, Marion$4edt$922723
=700  \\$aSchneider, Hans$d1921-2017$4edt$1http://www.wikidata.org/entity/Q1582360$913912
=700  \\$aZauner, Georg$4edt$922724
=942  \\$cBOO
=952  \\$00$10$2ddc$40$6BIB_4_000000000000000_DE_NANZ$70$8BIB$95868$aORPH$bORPH$cKTS0$d2020-07-08$eKoopman$i44F26$oBIB4 DE NANZ$p20126813$r2021-01-12 00:00:00$w2021-01-12$yBOO
=999  \\$d5869

