=LDR  01325cam a22002775a 4500
=001  5870
=005  20251001191058.0
=008  050720s2005\\\\sz\a\\\\\\\\\\000\0\ger\\
=010  \\$a  2005544433
=020  \\$a3039104942
=041  \\$ager
=100  \\$aBeer, Johann$d1655-1700$4aut$1http://www.wikidata.org/entity/Q76444$99471
=245  10$aMusikalische Schriften
=260  \\$aBern$bLang$c2005
=300  \\$a2 volumes (467+208 pages)
=490  \\$aSämtliche Werke$v12
=505  0\$a1. Ursus murmurat, Ursus vulpinatur, Bellum musicum, Musicalische Discurse -- 2. Schola-phonologica
=648  \0$a17th Century (1601-1700)$1http://www.wikidata.org/entity/Q7016$920923
=650  \0$aMusic history$1http://www.wikidata.org/entity/Q846047$921373
=650  \0$aMusic theory$1http://www.wikidata.org/entity/Q193544$92662
=651  \0$aGermany$1http://www.wikidata.org/entity/Q183$9155
=700  \\$aHeinemann, Michael$d1959-$4edt$1http://www.wikidata.org/entity/Q1372254$99472
=942  \\$cBOO
=952  \\$00$10$2ddc$40$6TRE_BEER$70$8TRE$95869$aORPH$bORPH$cKTS1_H$d2020-07-08$eKoopman$i25C13-1$l0$oTRE BEER$p20129243$r2021-01-12 00:00:00$w2021-01-12$yBOO
=952  \\$00$10$2ddc$40$6TRE_BEER$70$8TRE$95870$aORPH$bORPH$cKTS1_H$d2020-07-08$eKoopman$i25C13-2$l0$oTRE BEER$p20129241$r2021-01-12 00:00:00$w2021-01-12$yBOO
=999  \\$d5870

