=LDR  03723aca a2200373   4500
=001  5872
=005  20251027133155.0
=008  250513t20011999|||||a||\||||\00|\0\mul\d
=020  \\$a9790006204526
=041  \\$ager$aeng
=100  \\$aBeethoven, Ludwig van$d1770-1827$1http://www.wikidata.org/entity/Q255$95335
=245  \\$aDie neun Symphonien = The Nine Symphonies
=246  \1$aBeethoven:$bBärenreiter Urtext
=260  \\$aKassel$bBärenreiter$c2001
=300  \\$a9 volumes (xiii-58-[2]+xiii-78+xv-112-[2]+xv-97-[2]+xiv-118-[2]+xvi-123-[1]+xiii-113-[1]+xiii-79-[1]+xvii-329-[2] pages
=490  \\$aBärenreiter Classics
=520  \\$aBetween 1996 and 2000 Bärenreiter published scholarly-critical editions of Beethoven's Nine Symphonies edited by the first class musicologist Jonathan Del Mar. The editorial process was a huge undertaking because of the complex source situation regarding Beethoven's Symphonies culminating in the Choral Symphony which came down to us in nearly 20 different sources. So it was not surprising that Bärenreiter's new Urtext edition caused a considerable stir in the music world. Since publication, Del Mar's edition enjoys the unabashed praise of conductors, performers and critics alike and has become the most widely used publication of the Beethoven Symphonies which can be heard not only every day in concert halls, but also on CD recordings by John Eliot Gardiner, David Zinman, Jos van Immerseel and Claudio Abbado.
=648  \0$a18th Century (1701-1800)$1http://www.wikidata.org/entity/Q7015$920899
=648  \0$a19th Century (1801-1900)$1http://www.wikidata.org/entity/Q6955$920935
=650  \0$aSymphony$1http://www.wikidata.org/entity/Q9734$92527
=650  \0$aUrtext edition$1http://www.wikidata.org/entity/Q2564985$923763
=651  \0$aVienna (Austria)$1http://www.wikidata.org/entity/Q1741$920937
=700  \\$aDel Mar, Jonathan$1http://www.wikidata.org/entity/Q1703144$4edt$916215
=942  \\$cSCO
=952  \\$00$10$2ddc$3Symphony Nr. 1 in C major$40$6SCO_S_BEET$70$8SCO$95871$aORPH$bORPH$cKTS1_H$d2020-07-08$eKoopman$i29C01$l0$oSCO S BEET$p20139192$r2021-01-12 00:00:00$w2021-01-12$ySCO$OKoopman
=952  \\$00$10$2ddc$3Symphony Nr. 2 in D major$40$6SCO_S_BEET$70$8SCO$926690$aORPH$bORPH$cKTS1_H$d2020-07-08$eKoopman$i29C01$l0$oSCO S BEET$p20139193$r2025-05-20 10:52:42$w2021-01-12$ySCO
=952  \\$00$10$2ddc$3Symphony Nr. 3 in E-flat major$40$6SCO_S_BEET$70$8SCO$926691$aORPH$bORPH$cKTS1_H$d2020-07-08$eKoopman$i29C01$l0$oSCO S BEET$p20139194$r2025-05-20 10:52:42$w2021-01-12$ySCO
=952  \\$00$10$2ddc$3Symphony Nr. 4 in B-flat major$40$6SCO_S_BEET$70$8SCO$926692$aORPH$bORPH$cKTS1_H$d2020-07-08$eKoopman$i29C01$l0$oSCO S BEET$p20139195$r2025-05-20 10:52:42$w2021-01-12$ySCO
=952  \\$00$10$2ddc$3Symphony Nr. 5 in C minor$40$6SCO_S_BEET$70$8SCO$926693$aORPH$bORPH$cKTS1_H$d2020-07-08$eKoopman$i29C01$l0$oSCO S BEET$p20139196$r2025-05-20 10:52:42$w2021-01-12$ySCO
=952  \\$00$10$2ddc$3Symphony Nr. 6 in F major$40$6SCO_S_BEET$70$8SCO$926694$aORPH$bORPH$cKTS1_H$d2020-07-08$eKoopman$i29C01$l0$oSCO S BEET$p20139197$r2025-05-20 10:52:42$w2021-01-12$ySCO
=952  \\$00$10$2ddc$3Symphony Nr. 7 in A major$40$6SCO_S_BEET$70$8SCO$926695$aORPH$bORPH$cKTS1_H$d2020-07-08$eKoopman$i29C01$l0$oSCO S BEET$p20144205$r2025-05-20 10:52:42$w2021-01-12$ySCO
=952  \\$00$10$2ddc$3Symphony Nr. 8 in F major$40$6SCO_S_BEET$70$8SCO$926696$aORPH$bORPH$cKTS1_H$d2020-07-08$eKoopman$i29C01$l0$oSCO S BEET$p20144206$r2025-05-20 10:52:42$w2021-01-12$ySCO
=952  \\$00$10$2ddc$3Symphony Nr. 9 in D minor$40$6SCO_S_BEET$70$8SCO$926697$aORPH$bORPH$cKTS1_H$d2020-07-08$eKoopman$i29C01$l0$oSCO S BEET$p20144207$r2025-05-20 10:52:42$w2021-01-12$ySCO
=999  \\$d5872

