=LDR  01210nam a2200289 a 4500
=001  5878
=005  20250120120510.0
=008  890622s1988\\\\gw\\\\\\\b\\\\000\0\ger\\
=020  \\$z3432029579
=040  \\$aOI
=041  \\$ager
=100  \\$4edt$aBehringer, Wolfgang$99479
=245  00$aHexen und Hexenprozesse in Deutschland
=260  \\$aMunich$bDeutscher Taschenbuch Verlag$c1988
=300  \\$a495 pages$c18 cm
=490  \\$aDTV Dokumente
=504  \\$aBibliography: p. 458-[496].
=648  \0$aMiddle Ages (500-1400)$1http://www.wikidata.org/entity/Q12554$920964
=648  \0$a15th Century (1401-1500)$1http://www.wikidata.org/entity/Q7018$921015
=648  \0$a16th Century (1501-1600)$1http://www.wikidata.org/entity/Q7017$920944
=648  \0$a17th Century (1601-1700)$1http://www.wikidata.org/entity/Q7016$920923
=650  \0$aCuckoo$1http://www.wikidata.org/entity/Q18845$922474
=650  \0$aWitchcraft$1http://www.wikidata.org/entity/Q259745$93997
=651  \0$aGermany$1http://www.wikidata.org/entity/Q183$9155
=942  \\$cBOO
=952  \\$00$10$2ddc$40$6HUM_BEHR$70$8HUM$95877$aORPH$bORPH$cKM12_1$d2020-07-08$eKoopman$i40D27$oHUM BEHR$p20122290$r2021-01-12 00:00:00$w2021-01-12$yBOO
=999  \\$d5878

