=LDR  00897aam a2200193   4500
=001  5879
=008  240408s1971\\\\||||||||\||||\00|\0bger\d
=041  \\$ager
=100  \\$aBehrle, R.$99480$4aut
=245  \\$aHans Jakob Christoph von Grimmelhausen.$bLeben und Werk
=260  \\$aBühl$aBaden$bKonkordia AG$c1971
=600  \0$aGrimmelhausen, Hans Jakob Christoffel von$d1621-1667$1http://www.wikidata.org/entity/Q31220$927217
=648  \0$a17th Century (1601-1700)$1http://www.wikidata.org/entity/Q7016$920923
=650  \0$aWriter$1http://www.wikidata.org/entity/Q36180$93885
=650  \0$aBiography$1http://www.wikidata.org/entity/Q36279$91927
=651  \0$aGermany$1http://www.wikidata.org/entity/Q183$9155
=942  \\$cBOO
=952  \\$00$10$2ddc$40$6BIO_GRIM_D$70$8BIO$95878$aORPH$bORPH$cKTS1_P$d2020-07-08$eKoopman$i32E16$l0$oBIO GRIM d$p20122852$r2021-01-12 00:00:00$w2021-01-12$yBOO$OKoopman
=999  \\$d5879

