=LDR  01010aam a2200205   4500
=001  5881
=008  210325s1963\\\\\\\|||||\||||\00|\0adut\d
=100  \\$aBicker Raije, Jacob$d1703-1777$4aut$1http://www.wikidata.org/entity/Q2329501$921058
=245  \\$aHet dagboek van Jacob Bicker Raye
=260  \\$aAmsterdam$aParis$c1963
=590  \\$aNaar het oorspronkelijk dagboek medegedeeld door Fr. Beijerinck en Dr. M.G. de Boer.
=648  \0$a18th Century (1701-1800)$1http://www.wikidata.org/entity/Q7015$920899
=650  \0$aDiary$1http://www.wikidata.org/entity/Q185598$921711
=651  \0$aAmsterdam (Netherlands)$1http://www.wikidata.org/entity/Q727$9135
=700  \\$4edt$aBeijerinck, F. R.$99482
=700  \\$4edt$aDe Moer, M. G.$921057
=700  \\$4ill$aPieck, Anton$d1895-1987$1http://www.wikidata.org/entity/Q589380$921059
=942  \\$cBOO
=952  \\$00$10$2ddc$40$6BIO_RAIJ_A$70$8BIO$95880$aORPH$bORPH$cKTS1_P$d2020-07-08$eKoopman$i47F26$l0$oBIO RAIJ a$p20123825$r2021-01-12 00:00:00$w2021-01-12$yBOO
=999  \\$d5881

