=LDR  02526cam a22003134a 4500
=001  5882
=005  20250926134854.0
=008  030516s2002\\\\gw\ag\\\\b\\\\111\0dger\c
=010  \\$a  2003354132
=035  \\$a(OCoLC)ocm52365916
=040  \\$aCOO$cCOO$dIUL$dDLC
=020  \\$a3873971453 (pbk.)
=042  \\$apcc
=245  00$aBach, Das wohltemperierte Klavier I :$bTradition, Entstehung, Funktion, Analyse : Ulrich Siegele zum 70. Geburtstag /$cSiegbert Rampe (Herausgeber).
=246  3\$aWohltemperierte Klavier I
=260  \\$aMünchen :$bKatzbichler,$c2002.
=300  \\$a520 p. :$bill., music ;$c24 cm.
=504  \\$aIncludes bibliographical references and index.
=505  0\$aRezeption und Verbreitung des Wohltemperierten Klaviers I zu Lebzeiten Johann Sebastian Bachs / Kirsten Beisswenger ; mit einem Exkurs über den Schreiber Anonymus Vr bzw. Anonymus 12 von Yoshitake Kobayashi -- Zur Wirkungsgeschichte des Wohltemperierten Klaviers I / Hans-Joachim Hinrichsen -- "Gothische Tempelwerke" oder "Charakterstücke höchster Art"? : das Wohltemperierte Klavier in der Sicht Robert Schumanns / Martin Geck -- Sozialgeschichte und Funktion des Wohltemperierten Klaviers I / Siegbert Rampe -- "Fili Ariadnaei" : Entwicklungslinien zum Wohltemperierten Klavier / Thomas Synofzik -- Das Verhältnis zwischen Taktart und Kompositionstechnik im Wohltemperierten Klavier I / Don O. Franklin -- "A la recherche du Prélude perdu" : die Präludien im Wohltemperierten Klavier I und ihre Stellung in der Geschichte der Gattung / Dominik Sackmann -- Zur Interpretation der Präludien und Fantasien von Silvius Leopold Weiss / Karl-Ernst Schröder -- Polyphonie in Bachs Sonaten für Violine solo / Wolfgang Ruf -- Wege, eine Fuge Bachs zu verstehen / Jutta Schmoll-Barthel -- Kategorien formaler Konstruktion in den Fugen des Wohltemperierten Klaviers / Ulrich Siegele.
=505  8\$aAnhang. Ulrich Siegele zum 70. Geburtstag / Jutta Schmoll-Barthel -- Biographie Ulirch Siegele -- Publikationsverzeichnis Ulrich Siegele.
=600  \0$aBach, Johann Sebastian$d1685-1750$1http://www.wikidata.org/entity/Q1339$94766
=600  \0$aSiegele, Ulrich$918213
=600  \0$aSiegele, Ulrich$918213
=700  \\$aSiegele, Ulrich$918213
=700  \\$aRampe, Siegbert$d1964-$99486
=942  \\$cBOO
=952  \\$00$10$2ddc$40$6BIO_BACH1_E$70$8BIO$95881$aORPH$bORPH$cKTS1_P$d2020-07-08$eKoopman$i37E25$oBIO BACH1 e$p20120515$r2021-01-12 00:00:00$w2021-01-12$yBOO
=999  \\$c5882$d5882
=490  \\$aMusikwissenschaftliche Schriften ;$vBd. 38

