=LDR  01305nam a2200289 a 4500
=001  5883
=005  20251003085456.0
=008  920727s1992\\\\gw\g\\\\\bc\\\001\0\ger\\
=020  \\$a3761810369
=040  \\$aOI
=041  \\$ager
=100  \\$aBeißwenger, Kirsten$4aut$99487
=245  10$aJohann Sebastian Bachs Notenbibliothek
=260  \\$aKassel$aNew York$bBärenreiter$c1992
=300  \\$a451 pages$bmusic$c24 cm
=490  \\$aCatalogus Musicus$vXIII
=500  \\$aOriginally presented as the author's thesis (doctoral--Georg-August-Universität Göttingen.
=504  \\$aIncludes bibliographical references (p. 436-451) and indexes.
=600  \0$aBach, Johann Sebastian$d1685-1750$1http://www.wikidata.org/entity/Q1339$94766
=648  \0$a18th Century (1701-1800)$1http://www.wikidata.org/entity/Q7015$920899
=650  \0$aLibrary$1http://www.wikidata.org/entity/Q7075$94229
=650  \0$aManuscript$1http://www.wikidata.org/entity/Q87167$92275
=650  \0$aCatalogue$1http://www.wikidata.org/entity/Q2352616$921484
=651  \0$aLeipzig (Germany)$1http://www.wikidata.org/entity/Q2079$945
=942  \\$cBOO
=952  \\$00$10$2ddc$40$6BIO_BACH1_B$70$8BIO$95882$aORPH$bORPH$cKTS1_P$d2020-07-08$eKoopman$i44A02$l1$oBIO BACH1 b$p20126747$r2022-09-29 00:00:00$s2022-09-28$w2021-01-12$yBOO
=999  \\$d5883

