=LDR  01135aam a2200241   4500
=001  5885
=008  230227s2002\\\\||||||||\||||\00|\0bdut\d
=020  \\$a9789076988078
=041  \\$adut
=100  \\$aBellone, E.$99491$4aut
=245  \\$aGalilei:$bLeven en werken van een onrustige geest
=260  \\$aAmsterdam$bNatuur & Techniek$bVeen Magazines$c2002
=490  \\$aWetenschappelijke biografie van Natuur en Techniek$v2
=600  \0$aGalilei, Galileo$d1564-1642$1http://www.wikidata.org/entity/Q307$922009
=648  \0$a16th Century (1501-1600)$1http://www.wikidata.org/entity/Q7017$920944
=648  \0$a17th Century (1601-1700)$1http://www.wikidata.org/entity/Q7016$920923
=650  \0$aBiography$1http://www.wikidata.org/entity/Q36279$91927
=650  \0$aScience$1http://www.wikidata.org/entity/Q7991$921650
=650  \0$aAstronomy$1http://www.wikidata.org/entity/Q333$924195
=651  \0$aItaly$1http://www.wikidata.org/entity/Q38$922
=942  \\$cBOO
=952  \\$00$10$2ddc$40$6BIO_GALI2_D$70$8BIO$95884$aORPH$bORPH$cKTS1_P$d2020-07-08$eKoopman$i31E23$oBIO GALI2 d$p20123208$r2021-01-12 00:00:00$w2021-01-12$yBOO$OKoopman
=999  \\$d5885

