=LDR  00583aam a2200157   4500
=001  5887
=008  240502s1943\\\\||||||||\||||\00|\0\dut\d
=041  \\$adut
=100  \\$aBelonje, J.$99492$4aut
=245  \\$aHindeloopen: Friesland's elfde stede
=260  \\$aAmsterdam$bde Lange$c1943
=490  \\$aHeeschut-serie$v17
=651  \0$aFriesland (Netherlands)$1http://www.wikidata.org/entity/Q770$921961
=942  \\$cBOO
=952  \\$00$10$2ddc$40$6TOP_NL_FRY$70$8TOP$95886$aORPH$bORPH$cKTS0$d2020-07-08$eKoopman$i40D22$l0$oTOP NL.FRY$p20122295$r2021-01-12 00:00:00$w2021-01-12$yBOO$OKoopman
=999  \\$d5887

