=LDR  01004cam a2200241 i 4500
=001  5888
=005  20250821130544.0
=008  150126s1997\\\\\\\g\\\\\\\\\\000\0dger\\
=020  \\$a9781138025684 (hardback)
=020  \\$a9781138025677 (pbk.)
=020  \\$z9781315774954 (ebook)
=040  \\$aOI$beng
=041  \\$ager
=100  \\$aBelotti, Michael$4aut$922913
=245  10$aDie freien Orgelwerke Dieterich Buxtehudes:$büberlieferungsgeschichtliche und stilkritische Studien
=260  \\$aFrankfurt am Main$bLang$c1997
=490  \\$aEuropäische Hochschulschriften$v36
=600  \0$aBuxtehude, Dietrich$d1637-1707$1http://www.wikidata.org/entity/Q153637$910062
=648  \0$a17th Century (1601-1700)$1http://www.wikidata.org/entity/Q7016$920923
=650  \0$aOrgan music$1http://www.wikidata.org/entity/Q2003283$91951
=942  \\$cBOO
=952  \\$00$10$2ddc$40$6BIO_BUXT_E$70$8BIO$95887$aORPH$bORPH$cKTS1_P$d2020-07-08$eKoopman$i28B37$oBIO BUXT e$p20121470$r2021-01-12 00:00:00$w2021-01-12$yBOO
=999  \\$d5888

