=LDR  01938aam a2200253   4500
=001  5889
=008  210531s1955\\\\\\\g||||\b|||\001\0dger\g
=024  \\$2Lizenznummer (DDR)$a472-155/18/61
=041  \\$ager
=100  \\$aBenary, Peter$4aut$99495
=245  \\$aDie deutsche Kompositionslehre des 18. Jahrhunderts.$bIm Anhang: Johann Adolph Scheibe, Compendium Musices
=260  \\$aLeipzig$bBreitkopf & Härtel$c1955
=300  \\$a162-86 pages
=490  \\$aJenaer Beiträge zur Musikforschung$v3
=500  \\$aScheibe’s writings on music theoretical issues is quite extensive and full of small anecdotes and details about his life. Scheibe already felt an urge to write on music theory while he was in Leipzig. Around 1735 he finished a treatise, Compendium musices, which he seems to have planned for publication. The treatise was copied by the composer Christoph Graupner, while another transcript carried out by a professional copyist is now located in Leipzig as part of the C.F. Becker collection. At one point, the autograph seems to have been in the library of Niels Schiørring, who was a pupil of Scheibe and might have obtained it from Scheibe’s heirs. Unfortunately, the fate of this important library is unknown.
=505  \\$aCompendium musices Theoretico-practicum das ist Kurzer Begriff derer nöthigsten Compositions-Regeln
=648  \0$a18th Century (1701-1800)$1http://www.wikidata.org/entity/Q7015$920899
=650  \0$aComposing$1http://www.wikidata.org/entity/Q92186587$93076
=650  \0$aMusic history$1http://www.wikidata.org/entity/Q846047$921373
=651  \0$aGermany$1http://www.wikidata.org/entity/Q183$9155
=700  \\$4aut$aScheibe, Johann Adolph$d1708-1776$1http://www.wikidata.org/entity/Q213705$98967
=942  \\$cBOO
=952  \\$00$10$2ddc$40$6TOP_DE_5_000000000000000$70$8TOP$95888$aORPH$bORPH$cKTS0$d2020-07-08$eKoopman$i19E42$l0$oTOP DE 5$p20125271$r2021-01-12 00:00:00$w2021-01-12$yBOO
=999  \\$d5889

