=LDR  00833aam a2200193   4500
=001  5890
=005  20251027155917.0
=008  251027s1997\\\\|||af|||\b|||\00|\0\ita\d
=041  \\$aita
=100  \\$aGregori, Mina$1http://www.wikidata.org/entity/Q3858268$914593$4edt
=245  \\$aPittura murale in Italia.$bIl Cinquecento
=260  \\$c1997$aAzzano San Paolo$bGruppo Sanpaolo Edizione Bolis
=300  \\$a251-[4] pages
=648  \0$a16th Century (1501-1600)$1http://www.wikidata.org/entity/Q7017$920944
=650  \0$aFine art$1http://www.wikidata.org/entity/Q219625$921579
=651  \0$aItaly$1http://www.wikidata.org/entity/Q38$922
=942  \\$cBOO
=952  \\$00$10$2ddc$40$6TOP_IT_5_000000000000000$70$8TOP$95889$aORPH$bORPH$cKTS0$d2020-07-08$eKoopman$i47G14$l0$oTOP IT 5$p20121535$r2021-01-12 00:00:00$w2021-01-12$yBOO$OKoopman
=999  \\$d5890

