=LDR  01175nam a22002657i 4500
=001  5897
=003  OI
=005  20250121142120.0
=008  210909s1955\\\\sw\||||||\\\\|||||\|||||c
=040  \\$bOI
=041  \7$aswe$aeng
=100  1\$aBengtsson, Ingmar$4aut
=245  10$aJ. H. Roman och hans instrumentalmusik:$bKäll- och stilkritiska studier
=246  11$aJ. H. Roman and his Instrumental Music$bA Critical Survey of Sources and Style
=260  \\$aUppsala$bAlmqvist & Wiksells$c1955
=300  \\$axxxi-467-[28] pages$c27 cm
=490  \\$aStudia Musicologica Uppsaliensia$v4
=600  \0$aRoman, Johan Helmich$d1694-1758$1http://www.wikidata.org/entity/Q349352$911488
=648  \0$a18th Century (1701-1800)$1http://www.wikidata.org/entity/Q7015$920899
=650  \0$aInstrumental music$1http://www.wikidata.org/entity/Q639197$92106
=650  \0$aMusical analysis$1http://www.wikidata.org/entity/Q1544924$92775
=651  \0$aSweden$1http://www.wikidata.org/entity/Q34$9275
=942  \\$cBOO
=952  \\$00$10$2ddc$40$6BIO_ROMA_E$70$8BIO$95896$aORPH$bORPH$cKTS1_P$d2020-07-08$eKoopman$i19E25$l0$oBIO ROMA e$p20125288$r2021-01-12 00:00:00$w2021-01-12$yBOO$OKoopman
=999  \\$d5897

