=LDR  00843aam a2200169   4500
=001  5898
=005  20251003085456.0
=008  250617s1976\\\\||||||||\||||\00|\0\eng\d
=041  \\$aeng
=100  \\$aBengtsson, I.$99502$4aut
=245  \\$aMr. Roman's Spuriosity Shop: $bA Thematic Catalog
=260  \\$aStockholm$bSwedish Music History Archive$c1976
=520  \\$aThe book lists incipits and other excerpts from compositions by more than sixty composers, some of which were misattributed or of uncertain origin, hence the "spuriosity".
=650  \0$aCatalogue$1http://www.wikidata.org/entity/Q2352616$1http://www.wikidata.org/entity/Q6941730$921484
=942  \\$cBOO
=952  \\$00$10$2ddc$40$6BIO_ROMA_CBIB$70$8BIO$95897$aORPH$bORPH$cKTS1_P$d2020-07-08$eKoopman$i23F36$l0$oBIO ROMA c-->BIB$p20128667$r2021-01-12 00:00:00$w2021-01-12$yBOO$OKoopman
=999  \\$d5898

