=LDR  00376    a2200109   4500
=001  5899
=100  \\$aBennett, H.$99503
=245  \\$aThe remarkable life of Don Diego
=260  \\$c1958
=942  \\$cBOO
=952  \\$00$10$2ddc$40$6BIO_TORR1_A$70$8BIO$95898$aORPH$bORPH$cKTS1_P$d2020-07-08$eKoopman$i21E44$l0$oBIO TORR1 a$p20125440$r2021-01-12 00:00:00$w2021-01-12$yTYPE_UNK$OKoopman
=999  \\$c5899$d5899

