=LDR  02181cam a2200313 a 4500
=001  5900
=008  090422s2009\\\\\\\agb|\\b\\\\001\0deng\|
=041  \\$aeng
=100  \\$aBennett, Peter$d1965-$1http://www.wikidata.org/entity/Q112431230$4aut$940400
=245  10$aSacred repertories in Paris under Louis XIII :$bParis, Bibliothèque nationale de France, MS Vma rés. 571
=260  \\$aFarnham$aBurlington$bAshgate$c2009
=300  \\$axviii-213 pages
=490  0\$aRoyal Musical Association monographs$v17
=500  \\$aContains autograph dedication of the author to Ton Koopman
=504  \\$aIncludes bibliographical references (p. [199]-207) and index.
=505  0\$aThe creation of the source : internal structure and chronology of MS Vma rés. 571 -- The copyist André Pechon -- André Pechon as a choriste at Saint-Germain-l'Auxerrois : the repertories of the Abbey of Montmartre and the musique de la chambre du roy -- André Pechon as maître de musique at Saint-Germain-l'Auxerrois -- André Pechon as maître de musique at Meaux Cathedral : Antoine Boesset's music for the Royal Benedictine Abbey of Montmartre.
=600  \0$aPechon, André$d1600-1683$1http://www.wikidata.org/entity/Q112431796$940401
=600  \0$aBoësset, Antoine$d1585?-1643$1http://www.wikidata.org/entity/Q279121$922418
=610  \0$aBibliothèque nationale de France (Paris)$1http://www.wikidata.org/entity/Q193563$91301
=648  \0$a17th Century (1601-1700)$1http://www.wikidata.org/entity/Q7016$920923
=650  \0$aChurch music$1http://www.wikidata.org/entity/Q8812109$1http://www.wikidata.org/entity/Q1065742$92283
=650  \0$aCatholicism$1http://www.wikidata.org/entity/Q1841$921631
=650  \0$aVocal music$1http://www.wikidata.org/entity/Q685884$93319
=650  \0$aMusic history$1http://www.wikidata.org/entity/Q846047$921373
=650  \0$aManuscript$1http://www.wikidata.org/entity/Q87167$92275
=651  \0$aFrance$1http://www.wikidata.org/entity/Q142$9131
=942  \\$cBOO
=952  \\$00$10$2ddc$40$6TOP_FR_PAR_5_000000000000000$70$8TOP$95899$aORPH$bORPH$cKTS0$d2020-07-08$eKoopman$i41D47$l0$oTOP FR.PAR 5$p20120124$r2021-01-12 00:00:00$w2021-01-12$yBOO$OKoopman
=999  \\$d5900

