=LDR  00836nam a2200217 a 4500
=001  5902
=005  20250602104502.0
=008  950511s1993\\\\fr\ab\\\\\\\\\000\0\fre\\
=020  \\$a2877500624
=040  \\$aOI
=100  \\$aBenoit, Marcelle$d1921-$99505
=245  12$aL'Europe musicale au temps de Louis XIV
=260  \\$aParis$bZurfluh$c1993
=300  \\$a87 pages$billustrations, map$c21 cm
=490  \\$aLe temps musical$v1
=648  \0$a17th Century (1601-1700)$1http://www.wikidata.org/entity/Q7016$920923
=650  \0$aMusic history$1http://www.wikidata.org/entity/Q846047$921373
=651  \0$aEurope$1http://www.wikidata.org/entity/Q46$991
=942  \\$cBOO
=952  \\$00$10$2ddc$40$6GHM_5_000000000000000$70$8GHM$95901$aORPH$bORPH$cKM12_1$d2020-07-08$eKoopman$i21F10$l0$oGHM5$p20125498$r2021-01-12 00:00:00$w2021-01-12$yBOO
=999  \\$d5902

