=LDR  00984aam a2200205   4500
=001  5903
=008  221031s1992\\\\|||fa|||\bd||\001\0dfre\d
=041  \\$afre
=100  \\$aBenoit, Marcelle$d1921-$1http://www.wikidata.org/entity/Q64214156$4edt$99505
=245  \\$aDictionnaire de la musique en France aux XVIIe et XVIIIe siècles
=260  \\$aParis$bFayard$c1992
=300  \\$a811 pages - 14 pages plates
=648  \0$a17th Century (1601-1700)$1http://www.wikidata.org/entity/Q7016$920923
=648  \0$a18th Century (1701-1800)$1http://www.wikidata.org/entity/Q7015$920899
=650  \0$aMusic history$1http://www.wikidata.org/entity/Q846047$921373
=650  \0$aDictionary$1http://www.wikidata.org/entity/Q23622$921580
=651  \0$aFrance$1http://www.wikidata.org/entity/Q142$9131
=942  \\$cBOO
=952  \\$00$10$2ddc$40$6TOP_FR_5_000000000000000$70$8TOP$95902$aORPH$bORPH$cKTS0$d2020-07-08$eKoopman$i30A18$l0$oTOP FR 5$p20123427$r2021-01-12 00:00:00$w2021-01-12$yBOO$OKoopman
=999  \\$d5903

