=LDR  01160cam a22002654a 4500
=001  5904
=005  20250602104502.0
=008  050622s2004\\\\fr\a\\\\\b\\\\001\0dfre\c
=020  \\$a2708407120
=040  \\$aOI
=041  \\$afre
=100  \\$aBenoit, Marcelle$d1921-$4aut$99505
=245  14$aLes événements musicaux sous le règne de Louis XIV :$bchronologie
=260  \\$aParis$bPicard$c2004
=300  \\$a403 pages$bill.$c25 cm
=490  1\$aLa vie musicale en France sous les rois Bourbons$v33
=504  \\$aIncludes bibliographical references (p. 387-390) and index.
=600  \0$aLouis XIV$cKing of France$d1638-1715$1http://www.wikidata.org/entity/Q7742$99829
=648  \0$a17th Century (1601-1700)$1http://www.wikidata.org/entity/Q7016$920923
=650  \0$aMusic history$1http://www.wikidata.org/entity/Q846047$921373
=650  \0$aChronology$1http://www.wikidata.org/entity/Q130788$922826
=651  \0$aFrance$1http://www.wikidata.org/entity/Q142$9131
=942  \\$cBOO
=952  \\$00$10$2ddc$40$6TOP_FR_5_000000000000000$70$8TOP$95903$aORPH$bORPH$cKTS0$d2020-07-08$eKoopman$i35C07$oTOP FR 5$p20120749$r2021-01-12 00:00:00$w2021-01-12$yBOO
=999  \\$d5904

