=LDR  02082aam a2200277   4500
=001  5905
=008  250521s1968\\\\||||||||\||||\00|\0bfre\d
=041  \\$afre
=100  \\$aBenoit, M.$99506$4edt
=245  \\$aMélanges Francois Couperin$bpubliés à l'occasion du Tricentenaire de sa Naissance 1668-1968
=260  \\$aParis$bPicard$c1968
=490  \\$aLa vie musicale en France sous les rois Bourbons$v13
=505  \\$gRépertoire des principaux actes d'archives concernant François Couperin le Grand, ses ancètres, sa carrière, son foyer -- Le contrat de mariage de François Couperin / M. Antoine -- En relisant L'Art de toucher le Clavecin / L. Boulay -- Un modèle inconnu de François Couperin / P. Denis -- Réflexions sur François Couperin / Various -- À propos de l'orgue dit "des Couperin". Inventaire archéologique / N. Dufourcq & J. Krug-Basse -- Couperin après Couperin / N. Dufourcq -- Deux documents inédits et un tableau généalogique / N. Dufourcq -- François Couperin sous le signe de Babou / N. Dufourcq -- Expertise graphologique / F. Gébelin -- L'œuvre de clavecin de François Couperin le Grand / S. Hofman
=600  \0$aCouperin, François$d1668-1733$1http://www.wikidata.org/entity/Q50186$96241
=648  \0$a17th Century (1601-1700)$1http://www.wikidata.org/entity/Q7016$920923
=648  \0$a18th Century (1701-1800)$1http://www.wikidata.org/entity/Q7015$920899
=650  \0$aComposer$1http://www.wikidata.org/entity/Q36834$93625
=650  \0$aHarpsichord$1http://www.wikidata.org/entity/Q81982$92125
=650  \0$aBiography$1http://www.wikidata.org/entity/Q36279$91927
=650  \0$aBibliography$1http://www.wikidata.org/entity/Q134995$93965
=650  \0$aLegacy$1http://www.wikidata.org/entity/Q623282$922131
=650  \0$aOrgan$1http://www.wikidata.org/entity/Q1444$92810
=651  \0$aFrance$1http://www.wikidata.org/entity/Q142$9131
=942  \\$cBOO
=952  \\$00$10$2ddc$40$6BIO_COUP_DE$70$8BIO$95904$aORPH$bORPH$cKTS1_P$d2020-07-08$eKoopman$i32D14$l0$oBIO COUP d-->e$p20123131$r2021-01-12 00:00:00$w2021-01-12$yBOO$OKoopman
=999  \\$d5905

