=LDR  00796cam a2200205 i 4500
=001  5907
=005  20250120120323.0
=008  770629s1977\\\\nyua\\\\\b\\\\001\0\eng\\
=020  \\$a0918728045 :$c$36.00
=040  \\$aOI
=100  \\$aBenton, Rita$99508
=245  00$aIgnace Pleyel :$ba thematic catalogue of his compositions /$cby Rita Benton.
=260  \\$aNew York :$bPendragon Press,$cc1977.
=300  \\$axxviii, 482 p. :$bill. ;$c29 cm.
=500  \\$aIncludes index.
=600  \0$aPleyel, Ignaz$d1757-1831$1http://www.wikidata.org/entity/Q314019$95340
=942  \\$cBOO
=952  \\$00$10$2ddc$40$6BIO_PLEYE_C$70$8BIO$95906$aORPH$bORPH$cKTS1_P$d2020-07-08$eKoopman$i23C32$oBIO PLEYE c$p20128598$r2021-01-12 00:00:00$w2021-01-12$yBOO$OKoopman
=999  \\$c5907$d5907
=490  \\$aThematic catalogues ;$vno. 2

