=LDR  01070nam a2200205 a 4500
=001  5909
=008  871030s1986\\\\gw\a\\\\\b\\\\001\0\ger\\
=020  \\$a3761807805
=041  0\$ager
=100  \\$aBerck, Heinz$99511$4aut
=245  10$aViola d'amore. Bibliographie
=260  \\$aKassel $bBärenreiter$c1986
=300  \\$a215 pages$bill. $c21 cm
=500  \\$aVerzeichnis gedruckter und ungedruckter Werke mit Viola d'amore als Soloinstrument, in Duos, Trios, Quartetten, Quintetten usw., als Soloinstrument in Konzerten, in Werken mit Singstimmen sowie Schul- und Studienwerke : dazu eine Bibliographie des Musikschrifttums zur Viola d'amore.
=650  \0$aViola d'amore$1http://www.wikidata.org/entity/Q742180$92104
=650  \0$aChamber music$1http://www.wikidata.org/entity/Q189201$92105
=650  \0$aInstrumental music$1http://www.wikidata.org/entity/Q639197$92106
=942  \\$cBOO
=952  \\$00$10$2ddc$40$6INS_4_000000000000000_2A$70$8INS$95908$aORPH$bORPH$cKTS0$d2020-07-08$eKoopman$i21C13$l0$oINS4.2a$p20128226$r2021-01-12 00:00:00$w2021-01-12$yBOO$OKoopman
=999  \\$d5909

