=LDR  01618cam a2200313 a 4500
=001  5912
=005  20250714143402.0
=008  860509s1987\\\\mauac\\\\\\\\\001\0ceng\\
=020  \\$a0930350898 (alk. paper) :$c$40.00
=040  \\$aOI
=100  \\$aBerenson, Bernard$d1865-1959$1http://www.wikidata.org/entity/Q359047$99513
=245  14$aThe letters of Bernard Berenson and Isabella Stewart Gardner, 1887-1924, with correspondence by Mary Berenson /$cedited and annotated by Rollin van N. Hadley.
=260  \\$aBoston :$bNortheastern University Press,$cc1987.
=300  \\$axxviii, 718 p. :$bill., ports. ;$c25 cm.
=500  \\$aIncludes index.
=600  \0$aBerenson, Bernard$d1865-1959$1http://www.wikidata.org/entity/Q359047$99513
=650  \0$aArt criticism$1http://www.wikidata.org/entity/Q1143847$94637
=600  \0$aGardner, Isabella Stewart$d1840-1924$1http://www.wikidata.org/entity/Q467669$99517
=650  \0$aPatronage$1http://www.wikidata.org/entity/Q214092$94245
=600  \0$aBerenson, Mary$d1864-1945$99518
=650  \0$aArt criticism$1http://www.wikidata.org/entity/Q1143847$94637
=700  \\$aGardner, Isabella Stewart$d1840-1924$1http://www.wikidata.org/entity/Q467669$99517
=700  \\$aBerenson, Mary$d1864-1945$99518
=700  \\$aHadley, Rollin van N.$99519
=942  \\$cBOO
=952  \\$00$10$2ddc$40$6BIO_BERE_A$70$8BIO$95911$aORPH$bORPH$cKTS1_P$d2020-07-08$eKoopman$i25A01$oBIO BERE a$p20129170$r2021-01-12 00:00:00$w2021-01-12$yBOO
=999  \\$c5912$d5912
=651  \0$aUSA$1http://www.wikidata.org/entity/Q30$943
=650  \0$aCorrespondence$1http://www.wikidata.org/entity/Q1784733$921392

