=LDR  01047cam a22002291i 4500
=001  5913
=008  790625s1974\\\\gw\c\\\\\b\\\\001\0dger\|
=041  \\$ager
=100  \\$aBereths, Gustav$d1905-1988$1http://www.wikidata.org/entity/Q60842271$99520$4aut
=245  10$aBeiträge zur Geschichte der Trierer Dommusik
=260  \\$aMainz$bSchott$c1974
=300  \\$a338 pages
=490  \\$aBeiträge zur mittelrheinischen Musikgeschichte$vNr. 15
=504  \\$aIncludes bibliographies and index.
=610  \0$aDom zu Trier$1http://www.wikidata.org/entity/Q5920$940156
=650  \0$aChurch music$1http://www.wikidata.org/entity/Q8812109$92283
=650  \0$aCatholicism$1http://www.wikidata.org/entity/Q1841$921631
=650  \0$aMusic history$1http://www.wikidata.org/entity/Q846047$921373
=651  \0$aTrier (Germany)$1http://www.wikidata.org/entity/Q3138$913
=942  \\$cBOO
=952  \\$00$10$2ddc$40$6TOP_DE_TRI$70$8TOP$95912$aORPH$bORPH$cKTS0$d2020-07-08$eKoopman$i20C38$l0$oTOP DE.TRI$p20128075$r2021-01-12 00:00:00$w2021-01-12$yBOO$OKoopman
=999  \\$d5913

