=LDR  00406    a2200121   4500
=001  5916
=020  \\$a9040091919
=100  \\$aBerge-Gerbaud, Mària van$d1945-$913705
=245  \\$aRembrandt en zijn school
=260  \\$c1997
=942  \\$cBOO
=952  \\$00$10$2ddc$40$6VIS_BERG$70$8VIS$95915$aORPH$bORPH$cKTS1_H$d2020-07-08$eKoopman$i35C20$l0$oVIS BERG$p20120723$r2021-01-12 00:00:00$w2021-01-12$yBOO$OKoopman
=999  \\$c5916$d5916

