=LDR  00935cam a2200217 a 4500
=001  5917
=008  891128s1989\\\\gw\a\\\\\\\\\\001\0\ger\\
=041  \\$ager
=100  \\$aBergelt, Wolf$d1951-$4aut$99523
=245  14$aDie Mark Brandenburg.$bEine wiederentdeckte Orgellandschaft 
=260  \\$aLeipzig$bPape$c1989
=300  \\$axiv-113 pages$bill. $c28 cm
=500  \\$aIncludes indexes.
=648  \0$aPast$1http://www.wikidata.org/entity/Q192630$922196
=650  \0$aOrgan$1http://www.wikidata.org/entity/Q1444$92810
=650  \0$aChurch$1http://www.wikidata.org/entity/Q16970$93776
=651  \0$aGermany$1http://www.wikidata.org/entity/Q183$9155
=651  \0$aBrandenburg (Germany)$1http://www.wikidata.org/entity/Q1208$922771
=942  \\$cBOO
=952  \\$00$10$2ddc$40$6INS_3_100000000000000_A_DE_BRA2$70$8INS$95916$aORPH$bORPH$cKTS0$d2020-07-08$eKoopman$i24G35$oINS3.1 a DE.BRA2$p20125794$r2021-01-12 00:00:00$w2021-01-12$yBOO
=999  \\$d5917

