=LDR  01184cam a2200265 a 4500
=001  5918
=008  120406s2012\\\\gw\af\\\\b\\\\001\0\ger\\
=041  \\$ager
=100  \\$aBergelt, Wolf$d1951-$99523
=245  10$aJoachim Wagner. Orgelmacher (1690-1749)
=250  \\$a1. Auflage
=260  \\$aRegensburg $bSchnell&Steiner$c2012
=300  \\$a711 pages$bill. $c28 cm
=504  \\$aIncludes bibliographical references and indexes.
=600  \0$aWagner, Joachim$d1690-1749$1http://www.wikidata.org/entity/Q1690551$99524
=648  \0$1http://www.wikidata.org/entity/Q7015$a18th Century (1701-1800)$920899
=650  \0$aOrgan$1http://www.wikidata.org/entity/Q1444$92810
=650  \0$aOrganology$1http://www.wikidata.org/entity/Q899293$921400
=651  \0$aGermany$1http://www.wikidata.org/entity/Q183$9155
=700  \\$aKollmannsperger, Dietrich$d-1958$99525$4ctb
=700  \\$aRaabs, Gerhard$d1998-$4ctb$99526
=710  2\$4ctb$926221$aDeutsche Stiftung Denkmalschutz
=942  \\$cBOO
=952  \\$00$10$2ddc$40$6INS_3_000000000000000_1B_WAGN$70$8INS$95917$aORPH$bORPH$cKTS0$d2020-07-08$eKoopman$i47G05$l0$oINS3.1b WAGN$p20121543$r2021-01-12 00:00:00$w2021-01-12$yBOO$OKoopman
=999  \\$d5918

