=LDR  01419cam a2200289 a 4500
=001  5919
=005  20250120120149.0
=008  050622s2004\\\\enkg\\\\\b\\\\001\0\eng\\
=020  \\$a052154338X
=040  \\$aOI
=041  \\$aeng
=100  \\$aBerger, Karol$d-1947$4aut$99527
=245  10$aMusica Ficta:$bTheories of Accidental Inflections in Vocal Polyphony from Marchetto da Padova to Gioseffo Zarlino
=250  \\$a1st paperback ed.
=260  \\$aCambridge$aNew York$bCambridge University Press$c2004
=300  \\$a266 pages$bmusic ;$c23 cm.
=504  \\$aIncludes bibliographical references (p. 246-262) and index.
=648  \0$aMiddle Ages (500-1400)$1http://www.wikidata.org/entity/Q12554$920964
=648  \0$aRenaissance (1400-1600)$1http://www.wikidata.org/entity/Q4692$920965
=650  \0$aMusica ficta$1http://www.wikidata.org/entity/Q1852714$92114
=650  \0$aMusic theory$1http://www.wikidata.org/entity/Q193544$92662
=650  \0$aVocal music$1http://www.wikidata.org/entity/Q685884$93319
=856  \\$uhttp://www.loc.gov/catdir/enhancements/fy0632/2005278672-d.html$3Publisher description
=856  \\$uhttp://www.loc.gov/catdir/enhancements/fy0632/2005278672-t.html$3Table of contents only
=942  \\$cBOO
=952  \\$00$10$2ddc$40$6MTP_2_000000000000000_BERG$70$8MTP$95918$aORPH$bORPH$cKM12_1$d2020-07-08$eKoopman$i46A32$oMTP2 BERG$p20127565$r2021-01-12 00:00:00$w2021-01-12$yBOO
=999  \\$c5919$d5919

