=LDR  00822aam a2200205   4500
=001  5920
=005  20251028164847.0
=008  251028s1959\\\\|||caob|\||||\001\0\dut\d
=041  \\$adut
=100  \\$aBergh, H. van den$99528$4aut
=245  \\$aPruiken, schelmen en koketten
=260  \\$c1959$aElsevier$bAmsterdam
=300  \\$a155-[4] pages
=648  \0$a18th Century (1701-1800)$1http://www.wikidata.org/entity/Q7015$920899
=650  \0$aHistory$1http://www.wikidata.org/entity/Q309$921403
=650  \0$aAnecdote$1http://www.wikidata.org/entity/Q193206$941683
=651  \0$aItaly$1http://www.wikidata.org/entity/Q38$922
=942  \\$cBOO
=952  \\$00$10$2ddc$40$6TOP_IT_5_000000000000000$70$8TOP$95919$aORPH$bORPH$cKTS0$d2020-07-08$eKoopman$i44E54$l0$oTOP IT 5$p20126544$r2021-01-12 00:00:00$w2021-01-12$yBOO$OKoopman
=999  \\$d5920

