=LDR  01383cam a22003254a 4500
=001  5921
=003  OSt
=005  20250120120006.0
=008  020529s2002\\\\sw\g\\\\\b\\\\001\0dswe\c
=010  \\$a  2003504327
=020  \\$a9155452663
=035  \\$a(OCoLC)ocm49995351
=040  \\$aYUS$cYUS$dCOO$dCRL$dOSU$dDLC
=041  1\$aswe$beng
=042  \\$apcc
=100  \\$aBerglund, Lars$4aut$99529
=245  10$aStudier i Christian Geists vokalmusik
=260  \\$aUppsala$bUppsala University Library$c2002
=300  \\$a391 p. :$bmusic ;$c24 cm.
=490  \\$aActa Universitatis Upsaliensis; Studia Musicologica Upsaliensia$vnova series, 21
=500  \\$aOriginally presented as the author's thesis (doctoral--Uppsala), 2002.
=504  \\$aIncludes bibliographical references (p. 377-387) and indexes.
=546  \\$aIn Swedish; abstract and summary in English.
=600  \0$aGeist, Christian$d1640-1711$tVocal music.$1http://www.wikidata.org/entity/Q71478$99530
=648  \0$a17th Century (1601-1700)$1http://www.wikidata.org/entity/Q7016$920923
=650  \0$aChurch music$1http://www.wikidata.org/entity/Q8812109$92283
=651  \0$aSweden$1http://www.wikidata.org/entity/Q34$9275
=942  \\$cBOO
=952  \\$00$10$2ddc$40$6BIO_GEIS_E$70$8BIO$95920$aORPH$bORPH$cKTS1_P$d2020-07-08$eKoopman$i47A03$l0$oBIO GEIS e$p20123781$r2021-01-12 00:00:00$w2021-01-12$yBOO
=999  \\$c5921$d5921

