=LDR  01406cam a22003014a 4500
=001  5923
=005  20250925143257.0
=008  060330s2005\\\\ne\a\\\\\b\\\\001\0\dut\\
=020  \\$a9040090610
=040  \\$aOI
=041  \\$adut
=245  00$aKabinetten, galerijen en musea:$bhet verzamelen en presenteren van naturalia en kunst van 1500 tot heden
=260  \\$aZwolle$bWaanders$c2005
=300  \\$a478 pages$billustrations (some color)$c29 cm
=504  \\$aIncludes bibliographical references (p. 453-466) and index.
=648  \0$a16th Century (1501-1600)$1http://www.wikidata.org/entity/Q7017$920944
=648  \0$a17th Century (1601-1700)$1http://www.wikidata.org/entity/Q7016$920923
=648  \0$a18th Century (1701-1800)$1http://www.wikidata.org/entity/Q7015$920899
=648  \0$a19th Century (1801-1900)$1http://www.wikidata.org/entity/Q6955$920935
=648  \0$a20th Century (1901-2000)$1http://www.wikidata.org/entity/Q6927$920936
=650  \0$aCollecting$1http://www.wikidata.org/entity/Q208165$92117
=650  \0$aMuseum$1http://www.wikidata.org/entity/Q33506$93137
=700  \\$aBergvelt, Ellinoor$4edt$99532
=700  \\$aMeijers, Debora$4edt$99533
=700  \\$aRijnders, Mieke$99534$4edt
=942  \\$cBOO
=952  \\$00$10$2ddc$40$6HUM_BERG$70$8HUM$95922$aORPH$bORPH$cKM12_1$d2020-07-08$eKoopman$i30C14$l1$oHUM BERG$p20121230$r2022-02-03 00:00:00$s2022-01-05$w2021-01-12$yBOO
=999  \\$d5923

