=LDR  01110aam a2200229   4500
=001  5924
=008  210831s1995\\\\||||||||\||||\00|\0\dut\d
=020  \\$a9789036197380
=041  \\$adut
=100  \\$aBerk, M. F. M. van de$4aut$99535
=245  \\$aDie Zauberflöte:$been alchemistische allegorie
=260  \\$c1995$aTilburg$bTilburg University Press
=500  \\$aDeals with, among others, Michael Maier's 'Atalanta fugiens' (1618), see TRE MAIE
=600  \0$aMozart, Wolfgang Amadeus$d1756-1791$1http://www.wikidata.org/entity/Q254$95341
=648  \0$a18th Century (1701-1800)$1http://www.wikidata.org/entity/Q7015$920899
=650  \0$aSingspiel$1http://www.wikidata.org/entity/Q377258$921709
=650  \0$aAlchemy$1http://www.wikidata.org/entity/Q39689$922115
=650  \0$aFreemasonry$1http://www.wikidata.org/entity/Q41726$926207
=651  \0$aVienna (Austria)$1http://www.wikidata.org/entity/Q1741$920937
=942  \\$cBOO
=952  \\$00$10$2ddc$40$6BIO_MOZA1_E$70$8BIO$95923$aORPH$bORPH$cKTS1_P$d2020-07-08$eKoopman$i21D11$l1$oBIO MOZA1 e$p20128291$r2025-06-24 14:57:33$s2025-06-04$w2021-01-12$yBOO
=999  \\$d5924

