=LDR  01726cam a2200337 a 4500
=001  5926
=005  20250605143419.0
=008  010903s2001\\\\ne\a\\\\\b\\\\001\0\dut\\
=020  \\$a9074310710
=020  \\$a9789074310710
=020  \\$a9789059970052
=040  \\$aOI
=041  0\$adut$beng
=245  10$aMagna commoditas:$bgeschiedenis van de Leidse universiteitsbibliotheek 1575-2000
=260  \\$aLeiden$bPrimavera$bUniversitaire Pers Leiden$c2001
=300  \\$a2 vols. (264+? pages)$billustrations (some color)$c29 cm
=504  \\$aIncludes bibliographical references (p. 250-255) and index.
=546  \\$aSummary in English.
=610  \0$aUniversiteit Leiden (Netherlands)$1http://www.wikidata.org/entity/Q156598$922381
=648  \0$a16th Century (1501-1600)$1http://www.wikidata.org/entity/Q7017$920944
=648  \0$a17th Century (1601-1700)$1http://www.wikidata.org/entity/Q7016$920923
=648  \0$a18th Century (1701-1800)$1http://www.wikidata.org/entity/Q7015$920899
=648  \0$a19th Century (1801-1900)$1http://www.wikidata.org/entity/Q6955$920935
=650  \0$aLibrary$1http://www.wikidata.org/entity/Q7075$94229
=651  \0$aLeiden (Netherlands)$1http://www.wikidata.org/entity/Q43631$978
=700  \\$aBerkvens-Stevelinck, Christiane$4aut$99537
=700  \\$aVisser, Arnoud S. Q.$4edt$99538
=942  \\$cBOO
=952  \\$00$10$2ddc$3Small vol.$40$6BIB_4_000000000000000_NL_LEI$70$8BIB$95924$aORPH$bORPH$cKTS0$d2020-07-08$eKoopman$i23C24$oBIB4 NL.LEI$p20128566$r2021-01-12 00:00:00$w2021-01-12$yBOO
=952  \\$00$10$2ddc$3Large vol.$40$6BIB_4_000000000000000_NL_LEI$70$8BIB$95925$aORPH$bORPH$cKTS0$d2020-07-08$eKoopman$i23C24$oBIB4 NL.LEI$p20128567$r2021-01-12 00:00:00$w2021-01-12$yBOO
=999  \\$d5926

