=LDR  02050nam a2200337 a 4500
=001  5928
=005  20250821154337.0
=008  850517s1985\\\\ne\a\\\\\\\\\\000\0cdut\\
=020  \\$a9060274717 :$cfl 47.00
=040  \\$aOI
=100  \\$1http://www.wikidata.org/entity/Q14519564$4col$aNoske, Willem$d1918-1995$99540
=245  00$aBrieven en opdrachten van beroemde musici:$bacht autografen uit een collectie van Willem Noske =$cBriefe und Widmungen berühmter Musiker: acht Handschriften einer Sammlung Willem Noskes = Letters and Dedications from Famous Musicians: Eight Autographs from the Willem Noske Collections
=260  \\$aBuren$bKnuf$c1985
=300  \\$a96 pages$billustrations$c23 cm
=500  \\$aPublished for the occasion of the fortieth anniversary of Mens & Melodie
=590  \\$ainleiding en commentaar, Willy Lievense
=648  \0$1http://www.wikidata.org/entity/Q6955$a19th Century (1801-1900)$920935
=650  \0$aMusician$1http://www.wikidata.org/entity/Q639669$93574
=650  \0$aCorrespondence$1http://www.wikidata.org/entity/Q1784733$921392
=700  \\$aLievense, Willy$4cmm$4win$912412
=700  \\$aBerlioz, Hector$d1803-1869$4crp$1http://www.wikidata.org/entity/Q1151$99542
=700  \\$aJoachim, Joseph$d1831-1907$4crp$1http://www.wikidata.org/entity/Q159976$923039
=700  \\$aSpohr, Louis$d1784-1859$4crp$1http://www.wikidata.org/entity/Q57226$96129
=700  \\$aLiszt, Franz$d1811-1886$4crp$1http://www.wikidata.org/entity/Q41309$917400
=700  \\$aBrahms, Johannes$d1833-1897$4crp$1http://www.wikidata.org/entity/Q7294$918198
=700  \\$aSchumann, Clara$d1819-1896$4crp$1http://www.wikidata.org/entity/Q132232$915642
=700  \\$aWagner, Cosima$d1837-1930$4crp$1http://www.wikidata.org/entity/Q75789$926535
=700  \\$aPaganini, Niccolò$d1782-1840$4crp$1http://www.wikidata.org/entity/Q66075$923036
=942  \\$cBOO
=952  \\$00$10$2ddc$40$6GHM_0_000000000000000$70$8GHM$95927$aORPH$bORPH$cKM12_1$d2020-07-08$eKoopman$i42A24$l0$oGHM0$p20122129$r2021-01-12 00:00:00$w2021-01-12$yBOO
=999  \\$d5928

