=LDR  01100aca a2200217   4500
=001  5930
=008  211123s1978\\\\\\\||a||\||||\00|\0\mul\d
=041  \\$ager$aeng$afre$dlat
=100  \\$aBerlioz, Hector$d1803-1869$4cmp$1http://www.wikidata.org/entity/Q1151$99542
=240  \\$aRequiem
=245  \\$aGrande messe des morts
=260  \\$aKassel$bBärenreiter$c1978
=300  \\$a[viii]-147 pages
=500  \\$aThe 'Grande messe des morts' (Requiem) was composed in 1837 at the instigation of the French Minister of the Interior, Adrien de Gasparin. He intended to ‘bring sacred music back to honour in France’ with the annual commissioning of compositions by his department.
=648  \0$a19th Century (1801-1900)$1http://www.wikidata.org/entity/Q6955$920935
=650  \0$aRequiem$1http://www.wikidata.org/entity/Q51616$92858
=700  \\$4edt$aKindermann, Jürgen$912002
=700  \\$aMacdonald, Hugh$4win$916267
=942  \\$cSCO
=952  \\$00$10$2ddc$40$6SCO_S_BERL$70$8SCO$95929$aORPH$bORPH$cKTS1_P$d2020-07-08$eKoopman$iWG.1679$oSCO S BERL$p20124321$r2021-01-12 00:00:00$w2021-01-12$ySCO
=999  \\$d5930

