=LDR  01136aab a2200229   4500
=001  5932
=008  250228s1998\\\\||||||||\||||\00|\0\spa\d
=041  \\$aspa
=100  \\$aBernal Ripoll, M.$99543$4aut
=245  \\$aLa ornamentación en las obras de Cabanilles
=260  \\$aBarcelona$bConsejo Superior de Investigaciones Científicas$c1998
=500  \\$aOffprint from Anuario Musical 53
=561  \\$aEx libris Gustav Leonhardt
=600  \0$aCabanilles, Juan Bautista$d1644-1712$1http://www.wikidata.org/entity/Q540135$911029
=610  \0$aCatedral de Santa María de Valencia (Spain)$1http://www.wikidata.org/entity/Q1466926$924141
=648  \0$a17th Century (1601-1700)$1http://www.wikidata.org/entity/Q7016$920923
=650  \0$aOrgan music$1http://www.wikidata.org/entity/Q116958279$91951
=650  \0$aOrnamentation$1http://www.wikidata.org/entity/Q739589$922524
=651  \0$aValencia (Spain)$1http://www.wikidata.org/entity/Q8818$924140
=942  \\$cBOO
=952  \\$00$10$2ddc$40$6BIO_CABA_E$70$8BIO$95931$aORPH$bORPH$cKTS1_P$d2020-07-08$eKoopman$i44G06$oBIO CABA e$p20126875$r2021-01-12 00:00:00$w2021-01-12$yBOO$OKoopman
=999  \\$d5932

