=LDR  00813aaa a2200193   4500
=001  5933
=008  220616s1987\\\\it\f||||\||||\00|\0\ita\d
=041  \\$aita
=100  \\$aBernardi, Gabriele$4aut$99544
=245  \\$aL'Organo Nell'Arcidiaconale di Agordo
=260  \\$c1987$aAgordo$bArchivio storico di Agordo
=300  \\$a107 pages
=610  \0$aChiesa di Santa Maria Nascente (Agordo, Italy)$924390
=650  \0$aOrgan$1http://www.wikidata.org/entity/Q1444$92810
=650  \0$aOrganology$1http://www.wikidata.org/entity/Q899293$921400
=651  \0$aAgordo (Italy)$1http://www.wikidata.org/entity/Q39899$924389
=942  \\$cBOO
=952  \\$00$10$2ddc$40$6INS_3_000000000000000_1E_IT_AGO$70$8INS$95932$aORPH$bORPH$cKTS0$d2020-07-08$eKoopman$i24B10$oINS3.1e IT.AGO$p20128744$r2021-01-12 00:00:00$w2021-01-12$yBOO
=999  \\$d5933

