=LDR  00918    a2200205   4500
=001  5935
=008  230913s2005\\\\it\f||||\||||\00|\0\ita\d
=041  \\$aita
=100  \\$aBernardini, Maria Grazia$4edt$99550
=245  \\$aUn cembalo in marmo per Francesco II d'Este
=260  \\$c2005$aModena$bFondazione Cassa di Risparmio di Modena
=300  \\$a70 pages
=600  00$926494$aFrancesco$bII d'Este$cDuke of Modena and Reggio$d1660-1694
=648  \0$1http://www.wikidata.org/entity/Q7016$a17th Century (1601-1700)$920923
=650  \0$1http://www.wikidata.org/entity/Q52954$aKeyboard instrument$92849
=651  \0$aModena (Italy)$926495
=710  \\$aMinistero per i Beni e le Attività Culturali (Italy)$926493
=942  \\$cBOO
=952  \\$00$10$2ddc$40$6INS_3_000000000000000_2B_IT$70$8INS$95934$aORPH$bORPH$cKTS0$d2020-07-08$eKoopman$i38C16$l0$oINS3.2b IT$p20120432$r2021-01-12 00:00:00$w2021-01-12$yBOO$OKoopman
=999  \\$d5935

