=LDR  01660cam a22003737a 4500
=001  5936
=005  20250120115944.0
=008  040614s2004\\\\it\a\\\\\bc\\\000\0\ita\d
=035  \\$a(DLC)13629787
=010  \\$a  2004453043
=020  \\$a8884918952
=040  \\$aDNGA$cDNGA$dNNMM$dDLC
=042  \\$alccopycat
=100  \\$avan Dyck, Antoon$d1599-1641$1http://www.wikidata.org/entity/Q150679$99547
=245  10$aAnton van Dyck :$briflessi italiani /$ca cura di Maria Grazia Bernardini ; [testi, Vincenzo Abbate ... et al. ; schede, Maria Grazia Bernardini, Luciano Arcangeli ; redazione Roberta Rinaldi]
=246  14$aVan Dyck
=246  30$aRiflessi italiani
=260  \\$aMilan$bSkira,$cc2004.
=300  \\$a178 p. :$bill. (chiefly col.) ;$c28 cm.
=500  \\$aCatalog of an exhibition held at the Palazzo reale, Milan, Feb. 19-June 20, 2004.
=500  \\$aAt head of title: Palazzo reale.
=500  \\$aIssued in case.
=504  \\$aIncludes bibliographical references (p. 175-178)
=600  \0$avan Dyck, Antoon$d1599-1641$1http://www.wikidata.org/entity/Q150679$99547
=600  \0$avan Dyck, Antoon$d1599-1641$1http://www.wikidata.org/entity/Q150679$99547
=651  \0$aItaly$1http://www.wikidata.org/entity/Q38$922
=700  \\$aBernardini, Maria Grazia$99550
=700  \\$aAbbate, Vincenzo$99551
=700  \\$aArcangeli, Luciano$99552
=700  \\$aRinaldi, Roberta$99553
=710  \\$aPalazzo reale di Milano (Milan, Italy)$91228
=942  \\$cBOO
=952  \\$00$10$2ddc$40$6BIO_VAND6_E$70$8BIO$95935$aORPH$bORPH$cKTS1_P$d2020-07-08$eKoopman$i46G19$oBIO VAND6 e$p20126991$r2021-01-12 00:00:00$w2021-01-12$yBOO$OKoopman
=999  \\$c5936$d5936

