=LDR  01102    a2200253   4500
=001  5938
=005  20251003085456.0
=008  211006s1968\\\\gw\f||||\||||\00|\0\ger\d
=041  \\$ager
=245  \\$aDas Musikinstrumenten-Museum Berl
=260  \\$c1968$aBerlin$bStaatliches Institut für Musikforschung Preussischer Kulturbesitz
=300  \\$a70 pages
=561  \\$aEx Libris Ton Koopman
=648  \0$a17th Century (1601-1700)$1http://www.wikidata.org/entity/Q7016$920923
=648  \0$a18th Century (1701-1800)$1http://www.wikidata.org/entity/Q7015$920899
=648  \0$a19th Century (1801-1900)$1http://www.wikidata.org/entity/Q6955$920935
=650  \0$aCatalogue$1http://www.wikidata.org/entity/Q2352616$921484
=651  \0$aBerlin (Germany)$1http://www.wikidata.org/entity/Q64$948
=700  \\$4aut$aBerner, Alfred$99555
=700  \\$4aut$aOtto, Irmgard$913109
=700  \\$4aut$aReinecke, Hans-Peter$922436
=942  \\$cBOO
=952  \\$00$10$2ddc$40$6INS_1B_DE_BER1$70$8INS$95937$aORPH$bORPH$cKTS0$d2020-07-08$eKoopman$i34A25$oINS1b DE.BER1$p20122636$r2021-01-12 00:00:00$w2021-01-12$yBOO
=999  \\$d5938

