=LDR  01023aam a2200229   4500
=001  5939
=008  210923s1967\\\\-uk|||||\||||\00|\0\eng\d
=041  \\$aeng
=100  \\$aBerner, Alfred$4aut$99555
=245  \\$aPreservation and Restoration of Musical Instruments.$bProvisional Recommendations
=260  \\$aKent$bMackay$c1967
=300  \\$a77 pages
=561  \\$aEx Libris Ton Koopman
=648  \0$a17th Century (1601-1700)$1http://www.wikidata.org/entity/Q7016$920923
=648  \0$a18th Century (1701-1800)$1http://www.wikidata.org/entity/Q7015$920899
=650  \0$aOrganology$1http://www.wikidata.org/entity/Q899293$921400
=651  \0$aEurope$1http://www.wikidata.org/entity/Q46$991
=700  \\$4aut$aMeer, John Henry van der$912682
=700  \\$4aut$aChambure, Geneviève Thibault de $d1902-1975$1http://www.wikidata.org/entity/Q5533112$922219
=942  \\$cBOO
=952  \\$00$10$2ddc$40$6INS_1A$70$8INS$95938$aORPH$bORPH$cKTS0$d2020-07-08$eKoopman$i43B35$oINS1a$p20127217$r2021-01-12 00:00:00$w2021-01-12$yBOO
=999  \\$d5939

