=LDR  01064nam a22002531i 4500
=001  5942
=003  OI
=005  20250120120930.0
=008  910930s1928\\\\gw\||||||\\\\|||||\|||||c
=040  \\$bOI
=041  \7$ager
=100  \\$aBernet Kempers, Karel Philippus$1http://www.wikidata.org/entity/Q4085094$4aut$99556
=245  10$aJacobus Clemens non Papa und seine Motetten
=260  \\$aAugsburg$bFilser$c1928
=300  \\$a149 pages$c23 cm
=590  \\$amit einem Notenanhang
=600  \0$aClemens non Papa, Jacobus$d1510-1555$1http://www.wikidata.org/entity/Q438090$926794
=648  \0$a16th Century (1501-1600)$1http://www.wikidata.org/entity/Q7017$920944
=650  \0$aMotet$1http://www.wikidata.org/entity/Q188285$92028
=651  \0$aFlanders (Belgium)$1http://www.wikidata.org/entity/Q234$989
=651  \0$aNetherlands$1http://www.wikidata.org/entity/Q55$9173
=942  \\$cBOO
=952  \\$00$10$2ddc$40$6BIO_CLEM_D$70$8BIO$95941$aORPH$bORPH$cKTS1_P$d2020-07-08$eKoopman$i32D04$l0$oBIO CLEM d$p20123141$r2021-01-12 00:00:00$w2021-01-12$yBOO$OKoopman
=999  \\$d5942

