=LDR  00941aam a2200193   4500
=001  5943
=008  230629s1963\\\\||||||||\||||\00|\0\ger\d
=041  \\$ager
=100  1\$aBernhard, Christoph$d1627-1692$1http://www.wikidata.org/entity/Q524156$4aut$99558
=245  \\$aDie Kompositionslehre Heinrich Schützens in der Fassung seines Schülers Christoph Bernhard
=260  \\$c1963$bBärenreiter
=300  \\$a156 pages
=600  \0$1http://www.wikidata.org/entity/Q153643$aSchütz, Heinrich$d1585-1672$97240
=650  \0$1http://www.wikidata.org/entity/Q92186587$aComposing$93076
=650  \0$1http://www.wikidata.org/entity/Q193544$aMusic theory$92662
=700  \\$1http://www.wikidata.org/entity/Q96929$4edt$aMüller-Blattau, Joseph$d1895-1976$917541
=942  \\$cBOO
=952  \\$00$10$2ddc$40$6BIO_SCHU5_E$70$8BIO$95942$aORPH$bORPH$cKTS1_P$d2020-07-08$eKoopman$i19E31$oBIO SCHU5 e$p20125282$r2021-01-12 00:00:00$w2021-01-12$yBOO$OKoopman
=999  \\$d5943

