=LDR  00806cam a2200229 i 4500
=001  5946
=005  20211001160116.0
=008  771206s1977\\\\gw\a\\\\\bc\\\001\0\ger\\
=015  \\$aGFR77-A24
=020  \\$a3517006165 :$cDM59.00
=040  \\$aOI
=100  1\$aRubens, Peter Paul,$d1577-1640.
=245  00$aRubens :$bHandzeichn. /$chrsg. von Marianne Bernhard.
=260  \\$aMünchen :$bSüdwest Verlag,$c1977.
=300  \\$a448 p. :$bchiefly ill. ;$c26 cm.
=504  \\$aBibliography: p. 112-114.
=500  \\$aIncludes indexes.
=600  10$aRubens, Peter Paul,$d1577-1640.
=700  1\$aBernhard, Marianne.
=952  \\$00$10$2ddc$40$6BIO_RUBE_D$70$8BIO$95945$aORPH$bORPH$cKTS1_P$d2020-07-08$eKoopman$i20G12$oBIO RUBE d$p20128176$r2021-01-12 00:00:00$w2021-01-12$yBOO$OKoopman
=999  \\$c5946$d5946
=942  \\$cBOO

