=LDR  01163ccm a2200265 a 4500
=001  5947
=005  20241106174142.0
=008  850205s1985\\\\paucpa\\\biz\\\n\\\\fre\\
=020  \\$a0271003979
=040  \\$aOI
=041  1\$afre$eengfre$hfre$geng
=045  2\$bd1500$bd1599
=245  00$aFrench chansons of the sixteenth century /$cedited by Jane A. Bernstein.
=260  \\$aUniversity Park, Pa. :$bPennsylvania State University Press,$c1985.
=300  \\$a1 score (218 p.) ;$c27 cm.
=500  \\$aFor 2-6 voices.
=500  \\$aFrench words, also printed as texts with English translations following each chanson.
=504  \\$aBibliography: p. 211-218.
=650  \0$aPolyphonic chansons$y16th century.
=700  1\$aBernstein, Jane A.
=856  \\$uhttp://www.loc.gov/catdir/enhancements/fy1309/84043062-b.html$3Contributor biographical information
=856  \\$uhttp://www.loc.gov/catdir/enhancements/fy1309/84043062-d.html$3Publisher description
=952  \\$00$10$2ddc$40$6SCO_MISC_BERN1$70$8SCO$95946$aORPH$bORPH$cKTS1_H$d2020-07-08$eKoopman$i20E49$l0$oSCO MISC BERN1$p20125385$r2021-01-12 00:00:00$w2021-01-12$ySCO$OKoopman
=999  \\$c5947$d5947
=942  \\$cSCO

