=LDR  00782aam a2200181   4500
=001  5948
=008  250819s1946\\\\||||||||\||||\00|\f\fre\d
=041  \\$afre
=100  \\$aBéroul$dfl. c. 1150-1200$1http://www.wikidata.org/entity/Q4506$99559$4aut
=245  \\$aLe Roman de Tristan$bPoème du XIIe siecle
=260  \\$aParis$bChampion$c1947
=490  \\$aClassiques français du moyen âge$v12
=648  \0$aMiddle Ages (500-1400)$1http://www.wikidata.org/entity/Q12554$920964
=650  \0$aNovel$1http://www.wikidata.org/entity/Q8261$921629
=651  \0$aFrance$1http://www.wikidata.org/entity/Q142$9131
=942  \\$cBOO
=952  \\$00$10$2ddc$40$6LIT_BERO_A$70$8LIT$95947$aORPH$bORPH$cKM12_2_H$d2020-07-08$eKoopman$i43D21$oLIT BERO a$p20126522$r2021-01-12 00:00:00$w2021-01-12$yBOO
=999  \\$d5948

