=LDR  00933cam a2200241 a 4500
=001  5950
=008  831025s1982\\\\it\a\\\\\b\\\\001\0\ita\\
=041  \\$aita
=100  \\$aBertagna, Giancarlo$4aut$99561
=245  10$aArte organaria in Liguria
=260  \\$aGenova $bSagep$c1982
=300  \\$a187 pages$bill. (some col.)$c29 cm
=336  \\$aprinted
=490  0\$aCollana I Manufatti
=500  \\$aIncludes index.
=504  \\$aBibliography: p. 179-182.
=650  \0$aOrgan$1http://www.wikidata.org/entity/Q1444$92810
=650  \0$aOrganology$1http://www.wikidata.org/entity/Q899293$921400
=651  \0$aItaly$1http://www.wikidata.org/entity/Q38$922
=651  \0$aLiguria (Italy)$1http://www.wikidata.org/entity/Q1256$924377
=942  \\$cBOO
=952  \\$00$10$2ddc$40$6INS_3_000000000000000_1B_IT_LIG$70$8INS$95949$aORPH$bORPH$cKTS0$d2020-07-08$eKoopman$i24G45$oINS3.1b IT.LIG$p20129311$r2021-01-12 00:00:00$w2021-01-12$yBOO
=999  \\$d5950

