=LDR  00696    a2200169   4500
=001  5953
=008  211115s1984\\\\\\\|||||\||||\00|\0\ita\d
=041  \\$aita
=245  \\$aBrera dispersa:$bquadri nascosti di una grande raccolta nazionale
=260  \\$aMilan$bCarpilo$c1984
=610  \0$aAccademia di belle arti di Brera (Milan, Italy)$1http://www.wikidata.org/entity/Q338472$922820
=650  \0$aFine art$1http://www.wikidata.org/entity/Q219625$921579
=700  \\$4aut$aBertelli, C.$99562
=700  \\$4aut$aLopez, G.$922821
=942  \\$cBOO
=952  \\$00$10$2ddc$40$6VIS_BERT$70$8VIS$95952$aORPH$bORPH$cKTS1_H$d2020-07-08$eKoopman$i18A12$oVIS BERT$p20127039$r2021-01-12 00:00:00$w2021-01-12$yBOO
=999  \\$d5953

