=LDR  02256aam a2200229   4500
=001  5956
=008  231201s1955\\\\||||||||\||||\00|\0adut\d
=041  \\$adut
=100  \\$aJacobsdochter, Berta$d1426/7-1514$1http://www.wikidata.org/entity/Q3487961$4aut$99565
=245  \\$aEen boecxken gemaket ende bescreven van suster Bertken die lvij iaren besloten heeft gheseten tot Utrecht in die buerkercke
=260  \\$aZwolle$bTjeenk Willink$c1955
=490  \\$aZwolse drukken en herdrukken voor de Maatschappij der Nederlandse Letterkunde te Leiden$v9
=520  \\$aBerta Jacobsdochter or Suster Bertken was a Dutch poet and anchorite. She was born the illegitimate daughter of the canon priest Jacob van Lichtenberg. Her life before her enclosure as an anchorite is unknown, but she was evidently given a good education. In 1456 or 1457, she let herself be enclosed in a cell as an anchorite at the Buurkerk in Utrecht with permission by Utrecht bishop David of Burgundy.

According to a description of her life, she lived an extremely ascetic life even for an anchorite. After her death, several songs and hymns written by her were found among her belongings and were published in 1516. Her songs describe foremost her passion in the mystical union with God and became popular.

Bertken lived in a small cell adjacent to the Buurkerk church of Utrecht for fifty-seven years until her death in 1514. Her daily activities were attending church from a window in her cell, meditation, prayer and writing. The only furniture in the cell was a chair, desk and mattress. Bertken never wore shoes and her diet excluded all dairy and meat products.
=534  \\$aOriginally published in 1516
=590  \\$aNaar de eerste uitgave van Jan Berntsz. Utrecht 1516
=648  \0$a15th Century (1401-1500)$1http://www.wikidata.org/entity/Q7018$921015
=648  \0$a16th Century (1501-1600)$1http://www.wikidata.org/entity/Q7017$920944
=650  \0$aMonastery$1http://www.wikidata.org/entity/Q44613$926216
=651  \0$aUtrecht (Netherlands)$1http://www.wikidata.org/entity/Q803$9141
=942  \\$cBOO
=952  \\$00$10$2ddc$40$6BIO_JACO_A$70$8BIO$95955$aORPH$bORPH$cKTS1_P$d2020-07-08$eKoopman$i37D07$l0$oBIO JACO a$p20120551$r2021-01-12 00:00:00$w2021-01-12$yBOO$OKoopman
=999  \\$d5956

