=LDR  01503aam a2200241   4500
=001  5959
=008  220802s1972\\\\||||||||\||||\00|\0dger\d
=020  \\$a3761800738
=041  \\$ager
=100  \\$aSchwab, Heinrich W.$d1938-2025$4win$4edt$913713
=245  \\$aDas Einnahmebuch des Schlesinger Stadtmusikanten Friedrich Adolph Berwald
=260  \\$aKassel$bBärenreiter$c1972
=300  \\$a294 pages$b11 illustrations
=490  \\$aKieler Schriften zur Musikwissenschaft$v21
=500  \\$aI). Vorbemerkungen. II). Zur Biographie Friedrich Adolph Berwalds (1748 in Schleswig - nach 1778 ebd.). III). Der Regionela Spielbereich. IV). Der Musikantendienst. 1). Die Arten der 'Aufwartung'. 2). Besetzung, Instrumentarium und Repertoire. 3). Die 'Requirenten'. V). Das Einkommen. VI). Beschreibung des Originals und Anmerkungen zu seiner Edition. Mit das Einnahmebuch und Personenverzeichnis und Orts- und Sachregister zum Einnahmebuch.
=600  \0$aBerwald, Friedrich Adolph$d1748-1778$99568
=648  \0$a18th Century (1701-1800)$1http://www.wikidata.org/entity/Q7015$920899
=650  \0$aInstrumentalist$1http://www.wikidata.org/entity/Q1278335$921706
=650  \0$aEconomy$1http://www.wikidata.org/entity/Q159810$921625
=651  \0$aSchleswig-Holstein (Germany)$1http://www.wikidata.org/entity/Q1194$922805
=942  \\$cBOO
=952  \\$00$10$2ddc$40$6BIO_BERW1_A$70$8BIO$95958$aORPH$bORPH$cKTS1_P$d2020-07-08$eKoopman$i32C18$oBIO BERW1 a$p20122902$r2021-01-12 00:00:00$w2021-01-12$yBOO$OKoopman
=999  \\$d5959

