=LDR  00874cam a22002054a 4500
=001  5960
=005  20250926134854.0
=008  051118s2005\\\\ru\a\\\\\b\\\\001\0\ruso\
=020  \\$a5898171266
=040  \\$aOI
=100  \\$aBerchenko, Roman Ėduardovich$99569
=245  10$aV poiskakh utrachennogo smysla :$bBoleslav I︠A︡vorskiĭ o "Khorosho temperirovannom klavire" /$cR.Ė. Berchenko.
=260  \\$aMoskva :$bKlassika-XXI,$c2005.
=300  \\$a370 p. :$bill. ;$c21 cm.
=504  \\$aIncludes bibliographical references and index.
=600  \0$aBach, Johann Sebastian$d1685-1750$1http://www.wikidata.org/entity/Q1339$94766
=700  \\$aI︠A︡vorskiĭ, B. L.$d1877-1942$99571
=942  \\$cBOO
=952  \\$00$10$40$6BIO_BACH1_E$70$8BIO$95959$aORPH$bORPH$cKTS1_P$d2020-07-08$eKoopman$i33E60$oBIO BACH1 e$p20120930$r2021-01-12 00:00:00$w2021-01-12$yBOO$OKoopman
=999  \\$c5960$d5960

