=LDR  01449aam a2200265   4500
=001  5961
=008  230707s1970\\\\||||||||\||||\00|\0\ger\d
=041  \\$ager
=100  \\$aBerz, Ernst-Ludwig$1http://www.wikidata.org/entity/Q102425642$4aut$926389
=245  \\$aDie Notendrucker und ihre Verleger in Frankfurt am Main von den Anfängen bis etwas 1630:$bEine bibliographische und drucktechnische Studie zur Musikpublikation
=260  \\$c1970$aKassel$bInternationale Vereinigung der Musikbibliotheken
=300  \\$a336 pages
=490  \\$aCatalogus Musicus $v5
=500  \\$aErnst-Ludwig Berz (1941-2020) was a German librarian.
=648  \0$a15th Century (1401-1500)$1http://www.wikidata.org/entity/Q7018$921015
=648  \0$a16th Century (1501-1600)$1http://www.wikidata.org/entity/Q7017$920944
=650  \0$1http://www.wikidata.org/entity/Q309$aHistory$921403
=650  \0$1http://www.wikidata.org/entity/Q571$aBook$92285
=650  \0$1http://www.wikidata.org/entity/Q64416036$aMusic printing$94007
=650  \0$1http://www.wikidata.org/entity/Q3972943$aPublishing$93049
=650  \0$1http://www.wikidata.org/entity/Q134995$aBibliography$93965
=651  \0$1http://www.wikidata.org/entity/Q1794$aFrankfurt am Main (Germany)$921575
=942  \\$cBOO
=952  \\$00$10$2ddc$40$6BIB_4_000000000000000_DE_FRA1_4$70$8BIB$95960$aORPH$bORPH$cKTS0$d2020-07-08$eKoopman$l0$oBIB4 DE.FRA1 4$p20127965$r2021-01-12 00:00:00$w2021-01-12$yBOO$OKoopman
=999  \\$d5961

