=LDR  00359    a2200109   4500
=001  5962
=100  \\$aBesamusca, A. A. M.$99573
=245  \\$aHet 'Boec van Lancelote'
=260  \\$c1988
=942  \\$cBOO
=952  \\$00$10$2ddc$40$6LIT_BESA_A$70$8LIT$95961$aORPH$bORPH$cKM12_2_H$d2020-07-08$eKoopman$i36F26$oLIT BESA a$p20120645$r2021-01-12 00:00:00$w2021-01-12$yBOO
=999  \\$c5962$d5962

