=LDR  00727    a2200181   4500
=001  5967
=005  20251001162312.0
=008  210702s1978\\\\\\\|||||\||||\00|\0\ger\d
=024  \\$2Lizenznummer (DDR)$a363.340/112/78
=041  \\$ager
=100  \\$aBesseler, Heinrich$d1900-1969$4aut$1http://www.wikidata.org/entity/Q87832$916337
=245  \\$aAufsätze zur Musikästhetik und Musikgeschichte
=260  \\$aLeipzig$bReclam$c1978
=300  \\$a471 pages
=650  \0$aMusic philosophy and aesthetics$1http://www.wikidata.org/entity/Q2092865$921165
=942  \\$cBOO
=952  \\$00$10$2ddc$40$6AES_BESS$70$8AES$95966$aORPH$bORPH$cKM12_1$d2020-07-08$eKoopman$i38D29$l0$oAES BESS$p20122376$r2021-01-12 00:00:00$w2021-01-12$yBOO
=999  \\$c5967$d5967

