=LDR  01030aam a2200217   4500
=001  5968
=005  20251001162312.0
=008  210702s1959\\\\\\\|||||\||||\00|\0\ger\d
=024  \\$2Lizenznummer (DDR)$a20210011159
=041  \\$ager
=100  \\$aBesseler, Heinrich$d1900-1969$4aut$1http://www.wikidata.org/entity/Q87832$916337
=245  \\$aDas musikalische Hören der Neuzeit
=260  \\$aBerlin$bAkademie-Verlag$c1959
=300  \\$a80 pages
=490  \\$aBerichte über die Verhandlungen der Sächsischen Akademie der Wissenschaften zu Leipzig. Philologisch-historische Klasse$vBand 104, Heft 6
=561  \\$aAutograph dedication on the cover
=648  \0$aRenaissance (1400-1600)$1http://www.wikidata.org/entity/Q4692$920965
=650  \0$aMusic philosophy and aesthetics$1http://www.wikidata.org/entity/Q2092865$921165
=942  \\$cBOO
=952  \\$00$10$2ddc$40$6KTS_1_000000000000000_H_09_009$70$8RAR$95967$aORPH$bORPH$cKTS1_H$d2020-07-08$eKoopman$i46E31$l0$oKTS1 H.09.009$p20130348$r2021-01-12 00:00:00$w2021-01-12$yBOO
=999  \\$d5968

