=LDR  01623cam a22002894a 4500
=001  5971
=005  20250821130544.0
=008  010629s2000\\\\gw\a\\\\\bc\\\001\0\ger\\
=041  \\$ager
=100  \\$aBettermann, Silke$4aut$99580
=245  14$aDie Königin der Instrumente.$bOrgelstiche der Beethoven-Zeit aus der Sammlung Hans Gerd Klais. Begleitbuch zu einer Ausstellung des Beethoven-Hauses 
=260  \\$aBonn $bVerlag Beethoven-Haus$c2000
=300  \\$a168 pages$bill. $c23 cm
=490  1\$aVeröffentlichungen des Beethoven-Hauses. Ausstellungskataloge$vBd. 9
=504  \\$aIncludes bibliographical references (p. 154-155) and indexes.
=505  0\$aDie Orgel in der europäischen Druckgrafik vom 17. bis 19. Jahrhundert : ein kunsthistorischer Überblick / Silke Bettermann -- Orgeln am Wege : Beethovens Reise nach Wien im Jahre 1792 / Horst Claussen -- Katalog / Michael Ladenburger, Silke Bettermann.
=600  \0$aKlais, Hans Gerd$d-1930$1http://www.wikidata.org/entity/Q93351597$99581
=650  \0$aOrgan$1http://www.wikidata.org/entity/Q1444$92810
=650  \0$aOrgan music$1http://www.wikidata.org/entity/Q2003283$91951
=650  \0$aOrganology$1http://www.wikidata.org/entity/Q899293$921400
=650  \0$aFine art$1http://www.wikidata.org/entity/Q219625$921579
=700  \\$aLadenburger, Michael$4ctb$916202
=700  \2$aClaussen, Horst$d1954-$4ctb$99583
=710  \\$aBeethoven-Haus (Bonn, Germany)$91229
=942  \\$cBOO
=952  \\$00$10$2ddc$40$6INS_3_000000000000000_1A$70$8INS$95970$aORPH$bORPH$cKTS0$d2020-07-08$eKoopman$i28D57$oINS3.1a$p20123552$r2021-01-12 00:00:00$w2021-01-12$yBOO
=999  \\$d5971

