=LDR  01136    a2200241   4500
=001  5973
=005  20251003085456.0
=008  230913s2000\\\\gw\af|||\||||\00|\0\ger\d
=041  \\$ager
=100  \\$aBeurmann, Andreas$4edt$99585
=245  \\$aHistorische Tasteninstrumente.$bCembali, Spinette, Virginale, Clavichorde
=260  \\$c2000$aMunich$aLondon $bPrestel
=300  \\$a216 pages
=610  \0$1http://www.wikidata.org/entity/Q896052$aMuseum für Kunst und Gewerbe Hamburg (Germany)$91362
=648  \0$1http://www.wikidata.org/entity/Q192630$aPast$922196
=650  \0$1http://www.wikidata.org/entity/Q81982$aHarpsichord$92125
=650  \0$1http://www.wikidata.org/entity/Q922337$aVirginal$923762
=650  \0$1http://www.wikidata.org/entity/Q52954$aKeyboard instrument$92849
=650  \0$1http://www.wikidata.org/entity/Q2352616$aCatalogue$921484
=651  \0$1http://www.wikidata.org/entity/Q183$aGermany$9155
=942  \\$cBOO
=952  \\$00$10$2ddc$40$6INS_3_000000000000000_1A_DE_HAM$70$8INS$95972$aORPH$bORPH$cKTS0$d2020-07-08$eKoopman$i31B13$l0$oINS3.1a DE.HAM$p20121120$r2021-01-12 00:00:00$w2021-01-12$yBOO$OKoopman
=999  \\$d5973

