=LDR  01758ccm a22003134a 4500
=001  5976
=005  20250120120037.0
=008  071015s2007\\\\enkcna|\\bi\\\\n\\|dzxx\\
=020  \\$a9780754650539 (alk. paper)
=040  \\$aOI
=041  \\$aeng
=100  \\$aBevin, Elway$dc. 1554-1638$4aut$1http://www.wikidata.org/entity/Q18528687$99588
=245  12$aA Briefe and Short Instruction of the Art of Musicke
=260  \\$aAldershot$aBurlington, VT$bAshgate$c2007
=300  \\$a137 p. :$bill. ;$c24 cm.
=490  0\$aMusic theory in Britain, 1500-1700: Critical Editions
=504  \\$aIncludes bibliographical references (p. [129]-133) and index.
=505  0\$aIntroduction : Elway Bevin and canon in England. Background to Bevin ; An overview of the typology of canons ; English theories of canons before Bevin ; Collections of plainsong canons ; The contents of A briefe and short instruction ; English theories of canon after Bevin -- Elway Bevin, A briefe and short instruction of the art of musicke.
=534  \\$aOriginally published in 1631
=590  \\$aby Elway Bevin : edited and with an introduction by Denis Collins.
=648  \0$a17th Century (1601-1700)$1http://www.wikidata.org/entity/Q7016$920923
=650  \0$aCanon$1http://www.wikidata.org/entity/Q53831$92130
=650  \0$aMusic theory$1http://www.wikidata.org/entity/Q193544$92662
=651  \0$aUnited Kingdom$1http://www.wikidata.org/entity/Q21$9273
=700  \\$aCollins, Denis$d1965-$4edt$99589
=856  \\$uhttp://www.loc.gov/catdir/toc/ecip072/2006032275.html$3Table of contents only
=942  \\$cBOO
=952  \\$00$10$2ddc$40$6TRE_BEVI$70$8TRE$95975$aORPH$bORPH$cKTS1_H$d2020-07-08$eKoopman$i37F03$l0$oTRE BEVI$p20120501$r2021-01-12 00:00:00$w2021-01-12$yBOO
=999  \\$c5976$d5976

