=LDR  00346    a2200109   4500
=001  5977
=100  \\$aBex, F.$99590
=245  \\$aLuca di Leida
=260  \\$c1966
=942  \\$cBOO
=952  \\$00$10$2ddc$40$6BIO_LEID_D$70$8BIO$95976$aORPH$bORPH$cKTS1_P$d2020-07-08$eKoopman$i25F19$l0$oBIO LEID d$p20129413$r2021-01-12 00:00:00$w2021-01-12$yBOO$OKoopman
=999  \\$c5977$d5977

