=LDR  01574cam a2200325 a 4500
=001  5978
=005  20250925143257.0
=008  830915s1983\\\\gw\a\\\\\b\\\\001\0\ger\\
=040  \\$aOI
=041  \\$ager
=100  \\$aBeyer, Annette$4aut$99591
=245  10$aFaszinierende Welt der Automaten.$bUhren, Puppen, Spielereien
=260  \\$aMunich$bCallwey$c1983
=300  \\$a255 pages$billustrations (some color)$c29 cm
=500  \\$aIncludes indexes.
=504  \\$aBibliography: p. 247-248.
=648  \0$aMiddle Ages (500-1400)$1http://www.wikidata.org/entity/Q12554$920964
=648  \0$aRenaissance (1400-1600)$1http://www.wikidata.org/entity/Q4692$920965
=648  \0$a17th Century (1601-1700)$1http://www.wikidata.org/entity/Q7016$920923
=648  \0$a18th Century (1701-1800)$1http://www.wikidata.org/entity/Q7015$920899
=648  \0$a19th Century (1801-1900)$1http://www.wikidata.org/entity/Q6955$920935
=648  \0$a20th Century (1901-2000)$1http://www.wikidata.org/entity/Q6927$920936
=650  \0$aClock$1http://www.wikidata.org/entity/Q376$92132
=650  \0$aMechanical device$1http://www.wikidata.org/entity/Q1882685$92247
=650  \1$aAutomaton$1http://www.wikidata.org/entity/Q787116$923484
=650  \0$aMechanical musical instrument$1http://www.wikidata.org/entity/Q8614972$926213
=651  \0$aEurope$1http://www.wikidata.org/entity/Q46$991
=942  \\$cBOO
=952  \\$00$10$2ddc$40$6INS_10_000000000000000_9A_BEYE$70$8INS$95977$aORPH$bORPH$cKTS0$d2020-07-08$eKoopman$i31G14$oINS10.9a BEYE$p20121021$r2021-01-12 00:00:00$w2021-01-12$yBOO
=999  \\$d5978

