=LDR  00755aam a2200193   4500
=001  5981
=005  20250925143257.0
=008  250611s1908\\\\|||g||||\||||\00|\0\ger\d
=041  \\$ager
=100  \\$aBeyschlag, A.$4aut$99594
=245  \\$aDie Ornamentik der Musik
=260  \\$aLeipzig$bBreitkopf & Härtel$c1908
=300  \\$a285 pages
=648  \0$a20th Century (1901-2000)$1http://www.wikidata.org/entity/Q6927$920936
=650  \0$aOrnamentation$1http://www.wikidata.org/entity/Q739589$922524
=651  \0$aGermany$1http://www.wikidata.org/entity/Q183$9155
=942  \\$cBOO
=952  \\$00$10$2ddc$40$6MTP_2_000000000000000_BEYS$70$8MTP$95980$aORPH$bORPH$cKM12_1$d2020-07-08$eKoopman$i30F16$l0$oMTP2 BEYS$p20123314$r2021-01-12 00:00:00$w2021-01-12$yBOO
=999  \\$d5981

