=LDR  01057    a2200229   4500
=001  5982
=008  210302b\\\\\\\\be\|||||\||||\00|\0\eng\d
=041  \\$ager
=100  \\$aChrétien$cde Troyes$dactive 12th century$4aut$1http://www.wikidata.org/entity/Q4302$910212
=245  \\$aLiebe und Abenteuer im höfischen Roman (Chrétien de Troyes)
=260  \\$aReinbek$bRowohlt$c1961
=300  \\$a256 p.
=490  \\$aRowohlts Deutsche Enzyklopädie$v117/118
=600  \0$aChrétien$cde Troyes$dactive 12th century$1http://www.wikidata.org/entity/Q4302$910212
=648  \0$aMiddle Ages (500-1400)$1http://www.wikidata.org/entity/Q12554$920964
=650  \0$aNovel$1http://www.wikidata.org/entity/Q8261$921629
=650  \0$aCourt$1http://www.wikidata.org/entity/Q1134237$922191
=700  \\$4trl$aBezzola, Reto$eTranslator$99595
=765  \\$aLe Sens de l'aventure et de l'amour
=942  \\$cBOO
=952  \\$00$10$2ddc$40$6LIT_TROY_A$70$8LIT$95981$aORPH$bORPH$cKM12_2_H$d2020-07-08$eKoopman$i43D04$oLIT TROY a$p20126534$r2021-01-12 00:00:00$w2021-01-12$yBOO
=999  \\$d5982

