=LDR  01269aam a2200241   4500
=001  5983
=008  240507s1986\\\\||||||||\c|||\00|\0\ita\d
=041  \\$aita
=100  \\$aBrumana, Biancamaria$1http://www.wikidata.org/entity/Q107395442$4aut$910524
=245  \\$aIl fondo musicale dell'archivio di San Pietro a Perugia
=260  \\$a[Perugia]$bRegione dell'Umbria$bVolumnia$c1986
=610  \0$aSan Pietro (Perugia, Italy)$1http://www.wikidata.org/entity/Q644850$927337
=648  \0$a15th Century (1401-1500)$1http://www.wikidata.org/entity/Q7018$921015
=648  \0$a16th Century (1501-1600)$1http://www.wikidata.org/entity/Q7017$920944
=650  \0$aChurch music$1http://www.wikidata.org/entity/Q8812109$92283
=650  \0$aCatholicism$1http://www.wikidata.org/entity/Q1841$921631
=650  \0$aManuscript$1http://www.wikidata.org/entity/Q87167$92275
=650  \0$aChoir$1http://www.wikidata.org/entity/Q131186$93338
=650  \0$aBook$1http://www.wikidata.org/entity/Q571$92285
=651  \0$aPerugia (Italy)$1http://www.wikidata.org/entity/Q3437$926762
=942  \\$cBOO
=952  \\$00$10$2ddc$40$6BIB_4_000000000000000_IT_PER$70$8BIB$95982$aORPH$bORPH$cKTS0$d2020-07-08$eKoopman$i34A19$l0$oBIB4 IT.PER$p20122642$r2021-01-12 00:00:00$w2021-01-12$yBOO$OKoopman
=999  \\$d5983

