=LDR  00839aam a2200193   4500
=001  5984
=005  20251003085456.0
=008  221006s2012\\\\||||||||\||||\00|\0\dut\d
=041  \\$adut
=100  \\$aBianco, Anna$4aut$99597
=245  \\$aDe Heilige Cecilia met orgel:$bprenten uit een particuliere verzameling
=260  \\$aBussum$b[Koopman]$c2012
=650  \0$aMusic history$1http://www.wikidata.org/entity/Q846047$921373
=650  \0$aIconography$1http://www.wikidata.org/entity/Q208145$921259
=650  \0$aCatalogue$1http://www.wikidata.org/entity/Q2352616$921484
=700  \\$4col$aKoopman, Ton$d1944-$1http://www.wikidata.org/entity/Q445121$910491
=942  \\$cBOO
=952  \\$00$10$2ddc$40$6VIS_BIAN$70$8VIS$95983$aORPH$bORPH$cKTS1_H$d2020-07-08$eKoopman$i43A19$l0$oVIS BIAN$p20127262$r2021-01-12 00:00:00$w2021-01-12$yBOO$OKoopman
=999  \\$d5984

