=LDR  01959aam a2200325   4500
=001  5985
=005  20251027141649.0
=008  220406m19911992|||a||||\||||\00|\0\ger\d
=041  \\$ager$hita
=245  \\$aGeschichte der italienischen Oper$nBand 3-5
=260  \\$aLaaber$bLaaber-Verlag$c1991-92
=300  \\$a3 vols.(415-372-396 pages)
=534  \\$cTurin: EdT, 1987-88
=648  \0$a17th Century (1601-1700)$1http://www.wikidata.org/entity/Q7016$920923
=648  \0$a18th Century (1701-1800)$1http://www.wikidata.org/entity/Q7015$920899
=648  \0$a19th Century (1801-1900)$1http://www.wikidata.org/entity/Q6955$920935
=648  \0$a20th Century (1901-2000)$1http://www.wikidata.org/entity/Q6927$920936
=650  \0$aOpera$1http://www.wikidata.org/entity/Q1344$92468
=650  \0$aMusic history$1http://www.wikidata.org/entity/Q846047$921373
=650  \0$aStaging$1http://www.wikidata.org/entity/Q3508687$922118
=650  \0$aMusic theater$1http://www.wikidata.org/entity/Q96394452$92065
=651  \0$aItaly$1http://www.wikidata.org/entity/Q38$922
=700  \\$aBianconi, Lorenzo$1http://www.wikidata.org/entity/Q26267187$4edt$914646
=700  \\$aPestelli, Giorgio$d1938-$1http://www.wikidata.org/entity/Q15435035$4edt$923883
=765  \\$aStoria dell'opera italiana
=942  \\$cBOO
=952  \\$00$10$2ddc$3Band 4: Die Produktion: Struktur und Arbeitsbereiche$40$6TOP_IT_0_000000000000000$70$8TOP$95984$aORPH$bORPH$cKTS0$d2020-07-08$eKoopman$i25D40$oTOP IT 0$p20129318$r2021-01-12 00:00:00$w2021-01-12$yBOO
=952  \\$00$10$2ddc$3Band 5: Die Oper auf der Bühne$40$6TOP_IT_0_000000000000000$70$8TOP$95985$aORPH$bORPH$cKTS0$d2020-07-08$eKoopman$i25D40$oTOP IT 0$p20129317$r2021-01-12 00:00:00$w2021-01-12$yBOO
=952  \\$00$10$2ddc$3Band 6: Theorien und Techniken, Bilder und Mythen$40$6TOP_IT_0_000000000000000$70$8TOP$95986$aORPH$bORPH$cKTS0$d2020-07-08$eKoopman$i25D40$oTOP IT 0$p20129308$r2021-01-12 00:00:00$w2021-01-12$yBOO
=999  \\$d5985

