=LDR  01677cam a2200325 a 4500
=001  5988
=005  20250121142120.0
=008  880210s1987\\\\sz\a\\\\\b\\\\001\0\ger\\
=020  \\$a3254001303
=040  \\$aOI
=041  \\$ager
=100  \\$aGriesinger, Georg August$d1769-1845$4crp$1http://www.wikidata.org/entity/Q5535643$99599
=245  10$aEben komme ich von Haydn...$bGeorg August Griesingers Korrespondenz mit Joseph Haydns Verleger Breitkopf & Härtel, 1799-1819
=260  \\$aZürich$bAtlantis Musikbuch-Verlag$c1987
=300  \\$a281 p. :$bill. ;$c20 cm.
=500  \\$aIncludes index.
=504  \\$aBibliography: p. 271-273.
=590  \\$aherausgegeben und kommentiert von Otto Biba
=600  \0$aHaydn, Joseph$d1732-1809$1http://www.wikidata.org/entity/Q7349$94783
=610  \0$aBreitkopf & Härtel (Leipzig and Wiesbaden, Germany)$1http://www.wikidata.org/entity/Q634246$91230
=648  \0$a18th Century (1701-1800)$1http://www.wikidata.org/entity/Q7015$920899
=648  \0$a19th Century (1801-1900)$1http://www.wikidata.org/entity/Q6955$920935
=650  \0$aMusic history$1http://www.wikidata.org/entity/Q846047$921373
=650  \0$aCorrespondence$1http://www.wikidata.org/entity/Q1784733$921392
=651  \0$aAustria$1http://www.wikidata.org/entity/Q40$9202
=700  \\$aHärtel, Gottfried Christoph$d1763-1827$4crp$1http://www.wikidata.org/entity/Q1419801$99603
=700  \\$aBiba, Otto$d1946-$4edt$4cmm$1http://www.wikidata.org/entity/Q2038263$918196
=942  \\$cBOO
=952  \\$00$10$2ddc$40$6BIO_HAYD1_A$70$8BIO$95987$aORPH$bORPH$cKTS1_P$d2020-07-08$eKoopman$i21D01$l0$oBIO HAYD1 a$p20128302$r2021-01-12 00:00:00$w2021-01-12$yBOO
=999  \\$c5988$d5988

