=LDR  00934cam a2200217 a 4500
=001  5996
=008  950921s1996\\\\enka\\\\\b\\\\001\0\eng\\
=041  \\$aeng
=100  \\$aBicknell, Stephen$4aut$99609
=245  14$aThe History of the English Organ
=260  \\$aCambridge $aNew York $bCambridge University Press$c1996
=300  \\$axxii-407 pages$bill. $c26 cm
=336  \\$aprinted
=504  \\$aIncludes bibliographical references (p. 389-395) and index
=650  \0$aMusic history$1http://www.wikidata.org/entity/Q846047$921373
=650  \0$aOrganology$1http://www.wikidata.org/entity/Q899293$921400
=650  \0$aOrgan$1http://www.wikidata.org/entity/Q1444$92810
=651  \0$aUnited Kingdom$1http://www.wikidata.org/entity/Q21$9273
=942  \\$cBOO
=952  \\$00$10$2ddc$40$6INS_3_000000000000000_1A_GB$70$8INS$95995$aORPH$bORPH$cKTS0$d2020-07-08$eKoopman$i47A31$oINS3.1a GB$p20123750$r2021-01-12 00:00:00$w2021-01-12$yBOO
=999  \\$d5996

