=LDR  01224aam a2200265   4500
=001  5997
=008  221121s2001\\\\||||||||\||||\00|\0bdut\d
=041  \\$adut
=245  \\$aAbraham van den Kerckhoven ca. 1618-1701:$bEen meester groot gheacht
=260  \\$aVlaardingen$bStichting Orgelhistorische Studies$c2001
=600  \0$avan den Kerckhoven, Abraham$d1619-1702$1http://www.wikidata.org/entity/Q330869$919995
=648  \0$a17th Century (1601-1700)$1http://www.wikidata.org/entity/Q7016$920923
=650  \0$aComposer$1http://www.wikidata.org/entity/Q36834$93625
=650  \0$aOrganist$1http://www.wikidata.org/entity/Q765778$94471
=650  \0$aBiography$1http://www.wikidata.org/entity/Q36279$91927
=651  \0$aFlanders (Belgium)$1http://www.wikidata.org/entity/Q234$989
=700  \\$4ctb$aBie, J. de$99610
=700  \\$4ctb$aFelix, Jean-Pierre$918133
=700  \\$4ctb$aKranenburg, Peter van$99819
=700  \\$4ctb$aPiollet, D.$925333
=700  \\$4ctb$aRidder, P. de$925334
=700  \\$4ctb$aZoutendijk, Johan$915663
=942  \\$cBOO
=952  \\$00$10$2ddc$40$6BIO_VAND2_D$70$8BIO$95996$aORPH$bORPH$cKTS1_P$d2020-07-08$eKoopman$i23F55$oBIO VAND2 d$p20128651$r2021-01-12 00:00:00$w2021-01-12$yBOO$OKoopman
=999  \\$d5997

