=LDR  00370    a2200109   4500
=001  5999
=100  \\$aBiehle, Herbert$d1901-1968$99611
=245  \\$aGeorg Schumann
=260  \\$c1925
=942  \\$cBOO
=952  \\$00$10$2ddc$40$6BIO_SCHU12_B$70$8BIO$95998$aORPH$bORPH$cKTS1_P$d2020-07-08$eKoopman$i47E34$l0$oBIO SCHU12 b$p20123833$r2021-01-12 00:00:00$w2021-01-12$yBOO$OKoopman
=999  \\$c5999$d5999

