=LDR  01311cam a2200277 a 4500
=001  6003
=005  20250605143714.0
=008  090721s2008\\\\gw\a\\\\\bc\\\000\0\ger\\
=020  \\$a9783777460055
=040  \\$aOI
=041  \\$ager
=100  \\$aBiesboer, Pieter$4aut$99102
=245  10$aFrans Hals und Haarlems Meister der Goldenen Zeit
=246  \1$aDe Gouden Eeuw begint in Haarlem
=260  \\$aMünchen :$bHirmer,$cc2008.
=300  \\$a180 pages$bcolor illustrations$c29 cm
=500  \\$aCatalog of an exhibition held at the Kunsthalle der Hypo-Kulturstiftung, Munich, February 13-June 7, 2009.
=504  \\$aIncludes bibliographical references (p. 172-174).
=590  \\$aPieter Biesboer ; herausgegeben vom Frans Hals Museum Haarlem und der Kunsthalle der Hypo-Kulturstiftung, München.
=600  \0$aHals, Frans$d1584-1666$1http://www.wikidata.org/entity/Q167654$99101
=648  \0$a17th Century (1601-1700)$1http://www.wikidata.org/entity/Q7016$920923
=650  \0$aFine art$1http://www.wikidata.org/entity/Q219625$921579
=651  \0$aHaarlem (Netherlands)$1http://www.wikidata.org/entity/Q9920$921584
=942  \\$cBOO
=952  \\$00$10$2ddc$40$6BIO_HALS_E$70$8BIO$96002$aORPH$bORPH$cKTS1_P$d2020-07-08$eKoopman$i45F32$oBIO HALS e$p20127492$r2021-01-12 00:00:00$w2021-01-12$yBOO$OKoopman
=999  \\$d6003

