=LDR  01291aam a2200253   4500
=001  6004
=008  230622s1995\\\\||||||||\||||\00|\0\dut\d
=020  \\$a9063751540
=041  \\$adut
=100  \\$aBiezen, Jan van$99615$4aut
=245  \\$aHet Nederlandse orgel in de renaissance en de barok, in het bijzonder de school van Jan van Covelens
=260  \\$aKVNM$bUtrecht$c1995
=300  \\$a2 vols.
=490  \\$aMuziekhistorische monografieën$v14
=648  \0$1http://www.wikidata.org/entity/Q4692$aRenaissance (1400-1600)$920965
=648  \0$1http://www.wikidata.org/entity/Q7016$a17th Century (1601-1700)$920923
=648  \0$1http://www.wikidata.org/entity/Q7015$a18th Century (1701-1800)$920899
=650  \0$1http://www.wikidata.org/entity/Q1444$aOrgan$92810
=650  \0$1http://www.wikidata.org/entity/Q899293$aOrganology$921400
=651  \0$1http://www.wikidata.org/entity/Q55$aNetherlands$9173
=942  \\$cBOO
=952  \\$00$10$2ddc$3I$40$6INS_3_000000000000000_1A_NL$70$8INS$96003$aORPH$bORPH$cKTS0$d2020-07-08$eKoopman$i20E02$l0$oINS3.1a NL$p20125380$r2021-01-12 00:00:00$w2021-01-12$yBOO
=952  \\$00$10$2ddc$3II$40$6INS_3_000000000000000_1A_NL$70$8INS$96004$aORPH$bORPH$cKTS0$d2020-07-08$eKoopman$i20E02$l0$oINS3.1a NL$p20125379$r2021-01-12 00:00:00$w2021-01-12$yBOO
=999  \\$d6004

