=LDR  01333cam a22002774a 4500
=001  6007
=005  20250121142120.0
=008  060327s2005\\\\it\a\\\\\b\\\\001\0\ita\d
=020  \\$a8870963071 :$c90.00 EUR
=040  \\$aOI
=041  0\$aita$aeng
=100  \\$aBiggi Parodi, Elena$4aut$99616
=245  10$aCatalogo tematico delle composizioni teatrali di Antonio Salieri:$bgli autografi
=260  \\$aLucca$bLibreria musicale italiana$c2005
=300  \\$aclviii-957 pages$billustrations$c25 cm
=490  \\$aStrumenti della ricerca musicale, collana della Società Italiana di Musicologia$v8
=504  \\$aIncludes bibliographical references (p. [797]-851) and indexes.
=546  \\$aText in Italian with prefatory material also in English.
=600  \0$aSalieri, Antonio$d1750-1825$1http://www.wikidata.org/entity/Q51088$96337
=648  \0$a18th Century (1701-1800)$1http://www.wikidata.org/entity/Q7015$920899
=648  \0$a19th Century (1801-1900)$1http://www.wikidata.org/entity/Q6955$920935
=650  \0$aComposer$1http://www.wikidata.org/entity/Q36834$93625
=650  \0$aManuscript$1http://www.wikidata.org/entity/Q87167$92275
=942  \\$cBOO
=952  \\$00$10$2ddc$40$6BIO_SALI_C$70$8BIO$96006$aORPH$bORPH$cKTS1_P$d2020-07-08$eKoopman$i25A16$oBIO SALI c$p20129154$r2021-01-12 00:00:00$w2021-01-12$yBOO$OKoopman
=999  \\$d6007

