=LDR  00843    a2200193   4500
=001  6010
=008  211206s1968\\\\\\\|||||\||||\00|\0ddut\d
=041  \\$adut
=100  \\$aBijns, Anna$d1493-1575$1http://www.wikidata.org/entity/Q272497$911989
=245  \\$aMeer zuurs dan zoet
=260  \\$aHasselt$bHeideland$c1968
=490  \\$aPoëtisch erfdeel der Nederlanden$vP65
=648  \0$a16th Century (1501-1600)$1http://www.wikidata.org/entity/Q7017$920944
=650  \0$aPoetry$1http://www.wikidata.org/entity/Q482$93026
=650  \0$aFemale$1http://www.wikidata.org/entity/Q6581072$921764
=651  \0$aAntwerp (Belgium)$1http://www.wikidata.org/entity/Q12892$920974
=942  \\$cBOO
=952  \\$00$10$2ddc$40$6LIT_BIJN_A$70$8LIT$96009$aORPH$bORPH$cKM12_2_H$d2020-07-08$eKoopman$i40G38$oLIT BIJN a$p20122230$r2021-01-12 00:00:00$w2021-01-12$yBOO
=999  \\$d6010

