=LDR  01251cam a22002894a 4500
=001  6014
=005  20251003085456.0
=008  050527s2005\\\\gw\a\\\\\bc\\\001\0\ger\\
=020  \\$a389948066X
=040  \\$aOI
=041  \\$ager
=245  00$aChristoph Graupner:$bthematisches Verzeichnis der musikalischen Werke$pInstrumentalwerke
=246  \1$aGraupner-Werke-Verzeichnis
=246  \1$aGWV
=260  \\$aStuttgart$bCarus$c2005
=300  \\$axxxvi-364 pages$billustrations$c28 cm
=504  \\$aIncludes bibliographical references (p. 346-359) and indexes.
=600  \0$aGraupner, Christoph$d1683-1760$1http://www.wikidata.org/entity/Q115067$99628
=648  \0$a18th Century (1701-1800)$1http://www.wikidata.org/entity/Q7015$920899
=650  \0$aInstrumental music$1http://www.wikidata.org/entity/Q639197$92106
=650  \0$aCatalogue$1http://www.wikidata.org/entity/Q2352616$921484
=651  \0$aDarmstadt (Germany)$1http://www.wikidata.org/entity/Q2973$921595
=700  \\$aBill, Oswald$4edt$99626
=700  \\$aGrosspietsch, Christoph$4edt$99627
=942  \\$cBOO
=952  \\$00$10$2ddc$40$6BIO_GRAU_C$70$8BIO$96013$aORPH$bORPH$cKTS1_P$d2020-07-08$eKoopman$i45B01-1$oBIO GRAU c$p20127413$r2021-01-12 00:00:00$w2021-01-12$yBOO$OKoopman
=999  \\$d6014

