=LDR  01948cam a2200313 i 4500
=001  6015
=005  20251003085456.0
=008  180405s2011\\\\gw\ag\\\\bci\\001\0\ger\\
=020  \\$a9783899481594
=020  \\$a3899481593
=040  \\$aOI
=041  \\$ager
=100  \\$aBill, Oswald$1http://www.wikidata.org/entity/Q95346009$4edt$99626
=245  00$aChristoph Graupner:$bthematisches Verzeichnis der musikalischen Werke$pGeistliche Vokalwerke: Kirchenkantaten 1. Advent bis 5. Sonntag nach Epiphanias
=246  15$aGraupner-Werke-Verzeichnis
=246  15$aGWV, Vokalwerke
=260  \\$aStuttgart$bCarus$c2011
=300  \\$axxiv-760 pages$bmusic examples$c28 cm
=504  \\$aIncludes bibliographical references (pages 759-760) and indexes.
=505  0\$gVorwort -- Die Kantatentextbücher von Georg Christian Lehms und von Johann Conrad Lichtenberg -- Mehrfach zitierte Gesangbücher und Graupners Choralbuch -- Allgemeine Abkürzungen und Abkürzungen der biblischen Bücher -- Thematisches Verzeichnis der Kantaten (GWV 1101-1116) -- Register: Verzeichnis der Textanfänge ; Verzeichnis der vertonten Choralstrophen ; Verzeichnis der Liedmelodien ; Verzeichnis der vertonten Bibelstellen ; Verzeichnis der Quellen ; Verzeichnis der Instrumente ; Literaturverzeichnis.
=600  \0$aGraupner, Christoph$d1683-1760$1http://www.wikidata.org/entity/Q115067$99628
=648  \0$a18th Century (1701-1800)$1http://www.wikidata.org/entity/Q7015$920899
=650  \0$aVocal music$1http://www.wikidata.org/entity/Q685884$93319
=650  \0$aCantata$1http://www.wikidata.org/entity/Q174873$921603
=650  \0$aCatalogue$1http://www.wikidata.org/entity/Q2352616$921484
=651  \0$aDarmstadt (Germany)$1http://www.wikidata.org/entity/Q2973$921595
=942  \\$cBOO
=952  \\$00$10$2ddc$40$6BIO_GRAU_C$70$8BIO$96014$aORPH$bORPH$cKTS1_P$d2020-07-08$eKoopman$i45B01-2$l0$oBIO GRAU c$p20127412$r2021-01-12 00:00:00$w2021-01-12$yBOO$OKoopman
=999  \\$d6015

