=LDR  01630aam a2200253   4500
=001  6021
=005  20251003085456.0
=008  230329s1976\\\\|||a||||\c|||\00|\0\eng\d
=041  \\$aeng
=100  1\$aBittmann, Inge$99636$4edt
=245  \\$aCatalogue of Giedde's music collection in the Royal Library of Copenhagen
=260  \\$c1976$bEgtved
=300  \\$a198 pages
=500  \\$aWerner Hans Rudolph Rosenkrantz Giedde (1756-1816) was a Danish civil servant, amateur flautist, composer and music collector. He was Head of The Royal Orchestra from 1791-1793. After his death his collection went to the Royal Music Archive. In 1903 the collection and this archive were incorporated in The Royal Library and is today one of the treasures of the Music and Theatre Department.
=500  \\$aGiedde's collection contains 1,230 works, 665 of which are printed. There are about 170 composers on the list. Some of the works are unique specimens or comparatively rare.
=600  10$aGiedde, Werner Hans Rudolph Rosenkrantz$d1756-1816$1http://www.wikidata.org/entity/Q7945215$925966
=650  \0$aCatalogue$1http://www.wikidata.org/entity/Q2352616$921484
=650  \0$aLibrary$1http://www.wikidata.org/entity/Q7075$94229
=650  \0$aMusic history$1http://www.wikidata.org/entity/Q846047$921373
=651  \0$aCopenhagen (Denmark)$1http://www.wikidata.org/entity/Q1748$923068
=710  \\$aKongelige Bibliotek (Denmark)$91426
=942  \\$cBOO
=952  \\$00$10$2ddc$40$6BIB_4_000000000000000_DK_COP$70$8BIB$96020$aORPH$bORPH$cKTS0$d2020-07-08$eKoopman$i35C06$l0$oBIB4 DK.COP$p20120750$r2021-01-12 00:00:00$w2021-01-12$yBOO$OKoopman
=999  \\$d6021

