=LDR  03331aam a2200397   4500
=001  6022
=008  231201s1931\\\\|||g||||\m|||\00|\0\ger\d
=041  \\$ager
=100  \\$aBittrich, Gerhard$d1906-?$99637$4aut
=245  \\$aEin deutsches Opernballett des siebzehnten Jahrhunderts.$bEin Beitrag zur Frühgeschichte der deutschen Oper
=260  \\$aLeipzig$bFrommhold & Wendler$c1931
=300  \\$a224 pages
=500  \\$aBallet von Zusammenkunfft und Wirckung derer VII Planeten Auff Ihr. Churfürstl. Durchl. zu Sachs. grossem Theatro gehalten Den 3. Februar 1678
=500  \\$aIn February 1678, Elector John George II of Saxony organised a four-week festival known as the ‘Most Illustrious Gathering’ to mark a family reunion. The programme of events devised by Domenico Melani, including parades, riding tournaments, banquets, operas and masquerades, was linked by a continuous storyline that depicted the powerful influence of the stars on earthly fortunes and the resulting beneficial effects on the Elector's reign. The planetary ballet performed on 3 February 1678 under the title ‘Musicalische Opera und Ballet von Wirckung der Sieben Planeten’ (‘Musical Opera and Ballet of the Conjunction of the Seven Planets’) marked the start of the festival. The stage decorations were created by Johann Oswald Harms, who included them in nine etchings in two publications, namely in the libretto by Constantin Christian Dedekind published in 1678 and in the festival chronicle published in Nuremberg in 1680 and written by Gabriel Tzschimmer.
=500  \\$aProbable composer of this Opera-Ballet "The Seven Planets" is Christoph Bernhard or/and Giovanni Andrea Bontempi. 
=500  \\$aSetdesign by Johann Oswald Harms (1643-1708)
=500  \\$aLibretto by Constantin Christian Dedekind (1628-1715)
=504  \\$ahttps://www.deutschefotothek.de/documents/obj/90111089
=590  \\$aInaugural-Dissertation zur Erlangung der Doktorwürde der Hohen Philosophischen Fakultät der Universität Leipzig
=600  10$aBernhard, Christoph$d1627-1692$1http://www.wikidata.org/entity/Q524156$99558
=600  \0$aBontempi, Giovanni Andrea$d1624-1705$1http://www.wikidata.org/entity/Q875506$97667
=600  \0$aDedekind, Constantin Christian $d1628-1715$939910
=600  \0$aJohann Georg II Elector of Saxony, 1656 to 1680$d1613-1680$1https://www.wikidata.org/wiki/Q505548$939912
=648  \0$a17th Century (1601-1700)$1http://www.wikidata.org/entity/Q7016$920923
=650  \0$aOpera$1http://www.wikidata.org/entity/Q1344 $92468
=650  \0$aCourt$1http://www.wikidata.org/entity/Q1134237$922191
=650  \0$aPatronage$1http://www.wikidata.org/entity/Q214092$94245
=650  \0$aBallet$1http://www.wikidata.org/entity/Q41425$94412
=650  \0$aEntrée$1http://www.wikidata.org/entity/Q123058158$927711
=650  \0$aBallet de cour$1http://www.wikidata.org/entity/Q2881262$939911
=650  \0$aMusic history$1http://www.wikidata.org/entity/Q846047$921373
=651  \0$aDresden (Germany)$1http://www.wikidata.org/entity/Q1731$947
=856  \\$3libretto$uhttps://books.google.be/books?id=3pOujQIs8RkC
=942  \\$cBOO
=952  \\$00$10$2ddc$40$6TOP_DE_5_000000000000000$70$8TOP$96021$aORPH$bORPH$cKTS0$d2020-07-08$eKoopman$i38C19$l0$oTOP DE 5$p20120429$r2021-01-12 00:00:00$w2021-01-12$yBOO$OKoopman
=999  \\$d6022

