=LDR  00975    a2200205   4500
=001  6023
=008  230126s1985\\\\nl\af|||\||||\00|\0\ger\d
=041  \\$ager
=245  \\$aOrgeln in Slowenien
=260  \\$c1985$aLjubljana$bDržavna založba Slovenije
=300  \\$a232 pages
=650  \0$aOrgan$1http://www.wikidata.org/entity/Q1444$92810
=650  \0$aOrganology$1http://www.wikidata.org/entity/Q899293$921400
=651  \0$aLjubljana (Slovenia)$1http://www.wikidata.org/entity/Q437$923277
=700  \\$4aut$aBizjak, Milko$99638
=700  \\$4aut$aŠkulj, Edo$925680
=942  \\$cBOO
=952  \\$00$10$2ddc$40$6INS_3_000000000000000_1A_SI$70$8INS$96022$aORPH$bORPH$cKTS0$d2020-07-08$eKoopman$i24G67$l0$oINS3.1a SI$p20125790$r2021-01-12 00:00:00$w2021-01-12$yBOO$OKoopman
=952  \\$00$10$2ddc$3English Translation$40$6INS_3_000000000000000_1A_SI$70$8INS$922389$aORPH$bORPH$cKTS0$d2020-07-08$eKoopman$i24G67$l0$oINS3.1a SI$p20129288$r2023-01-26 00:00:00$w2021-01-12$yBOO
=999  \\$d6023

