=LDR  00361    a2200109   4500
=001  6025
=100  \\$aBjurström, Per$99639
=245  \\$aTekeningen uit Stockholm
=260  \\$c1971
=942  \\$cBOO
=952  \\$00$10$2ddc$40$6VIS_BJUR$70$8VIS$96024$aORPH$bORPH$cKTS1_H$d2020-07-08$eKoopman$i22E01$l0$oVIS BJUR$p20129570$r2021-01-12 00:00:00$w2021-01-12$yBOO$OKoopman
=999  \\$c6025$d6025

